4630 6435
755 424 878 486 234
2222 414 2529 471 AVSONII

754 611 837 675 ab
884 629 1036 691 rege
1082 608 1453 674 muneribus
1501 628 1708 672 coram
1771 607 2060 671 contione
2122 605 2383 670 ditatur.
2477 610 2611 669 tum
2670 603 2980 669 militibus
3042 603 3252 668 cibum
3315 622 3545 688 capere
3604 603 3797 669 iussis
3862 605 4001 690 ipse
4043 626 4071 665 5

753 713 1054 779 abstinet.
1149 711 1385 777 infesto
1431 710 1664 776 deinde
1711 718 1900 793 atque
1945 709 2188 774 intento
2235 708 2515 774 exercitu
2561 708 2772 792 pergit
2813 708 2882 772 in
2926 706 3262 792 proelium.

2297 982 2450 1046 XX.

881 1219 885 1222 Α
925 1155 1037 1222 21.
1558 1147 1681 1227 “Ως
1728 1154 1787 1218 οἳ
1833 1155 1936 1239 μὲν
1983 1151 2148 1239 παρὰ
2193 1153 2367 1239 νηυσὶ
2413 1155 2695 1239 κορωνίσι
2740 1148 3150 1238 θωρήσσοντο.
3899 1165 4000 1214 440

1574 1259 1840 1340 Iamque
1884 1258 2047 1322 adeo
2095 1256 2286 1322 celsis
2333 1256 2562 1321 armati
2606 1276 2641 1322 e
2687 1255 2962 1321 navibus
3006 1255 3187 1321 ibant

1574 1361 1753 1426 milia
1798 1380 1962 1443 quae
2007 1360 2261 1442 magnis
2307 1379 2605 1440 umquam
2655 1379 2888 1424 venere
2932 1359 3244 1443 Mycenis.

925 1465 1008 1529 Vt
1050 1465 1317 1547 integris
1364 1465 1690 1529 amborum
1740 1464 1940 1549 copiis
1986 1464 2152 1528 inter
2196 1470 2498 1544 utrosque
2545 1463 2864 1527 exercitus
2910 1482 3130 1547 pugna
3174 1463 3547 1528 conseritur.
3644 1462 3795 1528 dein
3853 1482 3999 1547 per-

754 1566 955 1631 missu
1002 1568 1172 1631 Iovis
1216 1568 1281 1632 in
1329 1575 1546 1652 partes
1595 1567 1855 1631 deorum
1905 1566 2117 1631 studia
2162 1564 2553 1646 dividuntur,
2607 1585 2748 1630 cum
2793 1585 2909 1649 pro
2956 1564 3224 1632 Graecis
3269 1566 3429 1631 Iuno
3474 1572 3539 1631 et
3566 1565 3854 1632 Minerva
3884 1566 3998 1630 de·
4038 1588 4068 1627 ⁵

751 1676 1068 1736 certarent
1111 1691 1318 1752 neque
1366 1671 1629 1754 segnius
1675 1689 1784 1734 eos
1829 1670 2167 1754 Neptunus
2216 1675 2278 1734 et
2323 1668 2673 1733 Mercurius
2732 1676 2797 1735 et
2841 1669 3168 1734 Vulcanus
3225 1675 3620 1749 assererent,
3689 1668 3998 1734 Troianos

748 1773 981 1855 Apollo
1027 1793 1168 1838 cum
1217 1774 1462 1838 Venere
1510 1780 1572 1839 et
1618 1773 1830 1837 Diana
1875 1793 2018 1837 cum
2064 1777 2300 1853 matre,
2369 1772 2542 1836 Mars
2588 1771 2779 1837 etiam
2828 1779 2892 1836 et
2951 1791 3095 1836 cum
3158 1792 3231 1838 eo
3279 1772 3673 1839 Scamander
3730 1771 3999 1836 adiuva-

749 1884 910 1940 rent.
1004 1883 1138 1942 tum
1184 1884 1248 1941 et
1277 1878 1561 1942 Aeneam
1609 1876 1711 1941 dis
1757 1884 1821 1940 et
1866 1875 2110 1940 viribus
2148 1874 2386 1956 iniquis
2419 1895 2560 1940 cum
2593 1874 2845 1940 Achille
2877 1894 3285 1959 congressum
3317 1895 3704 1958 quamquam
3735 1873 3999 1939 studens

750 1977 1016 2044 Graecis
1063 1979 1230 2043 nube
1277 1978 1735 2044 circumdatum
1780 1979 2118 2063 Neptunus
2166 1977 2420 2062 eripuit.

2278 2252 2460 2316 XXI.

923 2421 1034 2488 22.
1572 2421 1734 2489 Ἀλλ’
1788 2420 1887 2489 ’ὅτε
1935 2422 2006 2509 δὴ
2055 2422 2234 2510 πόρον
2283 2424 2400 2497 ἷξον
2450 2426 2726 2511 ἐυρρεέος
2770 2427 3087 2510 ποταμοῖο.
3899 2434 3995 2484 441

1574 2528 1885 2592 Intulerat
1928 2526 2122 2592 fluvio
2166 2528 2454 2613 trepidas
2500 2527 2659 2611 fuga
2702 2527 2895 2594 foeda
2939 2534 3254 2594 catervas.

921 2627 1219 2694 Troianis
1268 2650 1470 2713 usque
1517 2629 1603 2695 ad
1648 2630 2021 2695 Scamandri
2066 2630 2346 2696 fluminis
2391 2632 2648 2697 alveum
2695 2631 2852 2715 fuga
2898 2638 2962 2697 et
3004 2639 3244 2697 terrore
3290 2630 3638 2715 compulsis
3684 2651 3826 2696 cum
3870 2630 3998 2695 iam

749 2730 1003 2812 longius
1035 2730 1321 2796 abeundi
1350 2734 1622 2817 spatium
1656 2754 1780 2797 non
1809 2740 2077 2817 pateret,
2130 2734 2196 2798 in
2228 2734 2369 2819 ipso
2401 2755 2610 2816 amne,
2665 2755 2805 2799 cum
2839 2734 3075 2800 flumen
3106 2734 3411 2814 exundat,
3472 2784 3769 2798 ......
3817 2733 3906 2797 ibi
3938 2739 4001 2798 et

751 2831 1084 2898 duodecim
1132 2835 1214 2899 ab
1246 2836 1499 2901 Achille
1531 2836 1946 2901 Troianorum
1993 2837 2260 2902 iuvenes
2303 2838 2685 2917 vinciuntur,
2739 2837 2847 2921 qui
2887 2837 3162 2902 Patrocli
3205 2836 3454 2901 inferiis
3497 2835 3992 2901 immolarentur.
4044 2860 4075 2899 5

745 2935 886 3019 ipse
933 2936 1258 3002 Vulcanus
1304 2938 1640 3006 ardoribus
1687 2939 1818 3005 suis
1865 2939 1995 3004 vim
2043 2941 2341 3006 torrentis
2388 2940 2617 3006 exurit.
2711 2947 2845 3006 tum
2904 2941 2969 3006 in
3024 2960 3317 3025 campum
3364 2939 3616 3005 Achille
3662 2958 3998 3025 progresso

747 3039 989 3122 passim
1037 3040 1248 3105 studia
1294 3041 1556 3107 deorum
1596 3063 1708 3127 pro
1741 3062 1857 3107 sua
1889 3043 2200 3126 singulari
2231 3050 2411 3128 parte
2445 3044 2840 3129 depugnant.
2923 3043 3340 3108 Troianorum
3372 3042 3691 3108 exercitus
3720 3043 4000 3108 instante

747 3140 988 3207 victore
1032 3142 1097 3207 in
1144 3144 1396 3208 moenia
1442 3145 1616 3209 urbis
1661 3145 2035 3230 inpingitur.

2263 3421 2478 3485 XXII.

925 3586 1034 3654 23.
1525 3583 1684 3664 ·“Ως
1732 3591 1789 3655 οἳ
1836 3591 1939 3675 μὲν
1987 3587 2141 3656 κατὰ
2186 3585 2334 3658 ἄστυ
2377 3589 2705 3679 πεφυζότες
2747 3591 2893 3678 ἠύτε
2936 3595 3162 3680 νεβροί.
3280 3661 3284 3666 ,
3896 3601 3998 3651 442

863 3766 871 3770 ἢ
1573 3693 1770 3758 Pulsa
1814 3702 1984 3759 metu
2032 3695 2348 3780 Phrygios
2394 3696 2753 3762 lustrabant
2795 3697 3059 3780 agmina
3102 3716 3338 3762 muros.

919 3794 1153 3859 Hector
1196 3795 1509 3879 singulari
1536 3796 1902 3862 -certamine
1964 3817 2106 3862 cum
2166 3798 2420 3864 Achille
2481 3799 2917 3882 congreditur,
2986 3799 3240 3863 Priamo
3301 3806 3493 3882 atque
3552 3797 3849 3880 Hecuba,
3915 3817 3997 3863 ne

748 3903 1010 3979 pugnet,
1063 3899 1412 3980 orantibus,
1465 3899 1753 3966 Minerva
1799 3920 1832 3965 e
1881 3899 2194 3966 contrario
2227 3901 2443 3986 specie
2475 3901 2816 3987 Deiphobi,
2870 3909 2940 3967 ut
2969 3900 3246 3983 dimicet,
3285 3901 3685 3967 adhortante.
3764 3901 4000 3966 Hector

746 3998 1119 4064 interfectus
1167 4008 1229 4065 et
1274 4002 1583 4085 religatus
1627 4003 1711 4068 ad
1756 4024 2008 4069 currum
2053 4011 2150 4070 ter
2194 4004 2429 4070 circum
2477 4004 2730 4070 moenia
2774 4005 3053 4070 Troiana
3113 4010 3419 4089 raptatur.
3533 4003 3768 4070 deinde
3823 4005 3997 4068 lace-
4042 4029 4073 4066 5

745 4120 883 4164 rum
948 4121 1173 4186 corpus
1232 4102 1517 4169 defertur
1567 4104 1651 4169 ad
1694 4126 1893 4171 naves
1938 4106 2165 4170 ultioni
2208 4106 2483 4172 Patrocli
2529 4097 2783 4173 victoris
2826 4105 3161 4172 iracundia
3204 4106 3287 4171 ad
3333 4106 3635 4172 ulteriora
3679 4105 3995 4191 supplicia

744 4204 1226 4269 reservandum.

916 4549 945 4597 5
985 4551 1220 4598 concione
1256 4551 1455 4600 dicatur
1492 4551 1537 4598 P
1740 4554 1771 4602 6
1807 4555 1997 4603 infesta
2033 4554 2078 4601 P
2284 4556 2501 4617 prelium
2539 4556 2584 4603 P

914 4647 1015 4703 21.
1092 4653 1111 4702 1
1157 4658 1772 4706 ΚΟΡωΙΟῐΘωΡΗΟΟΝΤΟ
1813 4657 1858 4704 Ρ
2099 4657 2130 4707 2
2165 4632 2354 4709 armate
2387 4632 2554 4708 nablis
2595 4659 2654 4719 Ρ,
2696 4660 2873 4707 armati
2910 4660 3130 4708 nubibus
3173 4657 3287 4721 vy„
3329 4659 3501 4706 armati
3535 4671 3563 4706 e
3600 4658 3812 4706 navibus
3854 4655 4001 4705 Vm!

741 4735 772 4784 3
810 4744 930 4798 quot
967 4738 1080 4787 Ald.
1133 4740 1289 4802 (Ver-9.
1334 4744 1455 4791 Aen.
1503 4744 1562 4789 11
1597 4743 1711 4803 331)
1757 4745 1898 4804 volyo
2109 4748 2363 4805 moecynis
2401 4746 2461 4805 P,
2502 4746 2754 4805 Mycaenis
2800 4745 2886 4806 Uy.
3112 4745 3141 4793 4
3182 4752 3231 4793 at
3278 4744 3365 4804 Uy.
3406 4745 3549 4804 υοι9ο
3757 4744 3995 4806 permissa

745 4820 791 4867 P
1064 4837 1098 4892 p
1132 4828 1289 4886 grecis
1326 4827 1372 4874 P
1644 4828 1859 4879 decedet
1893 4830 1954 4890 P,
1996 4831 2311 4879 decertarent
2354 4831 2443 4893 Uy.
2473 4834 2630 4893 vol90,
2673 4846 2743 4880 an
2777 4831 3173 4879 descenderent?
3451 4829 3481 4879 6
3518 4831 3681 4879 secius
3727 4829 3813 4889 Hy.
3853 4829 3997 4888 cotye

743 4906 771 4954 7
809 4908 969 4967 dyana
1008 4908 1054 4955 P
1281 4926 1383 4960 mas
1424 4912 1469 4959 P
1672 4916 1744 4962 eis
1789 4914 1880 4975 Uy.
1920 4917 2061 4978 υοῑ9ο
2317 4918 2346 4967 8
2386 4924 2438 4967 et
2479 4919 2617 4980 (post
2653 4918 2779 4980 tum)
2822 4930 2918 4967 om.
2966 4916 3053 4978 Uo.
3095 4918 3236 4977 υοιρο
3467 4913 3565 4963 dix’
3606 4915 3652 4962 P
3876 4928 3996 4962 con·

739 4991 990 5061 gressum]
1026 4996 1091 5056 cf.
1145 4997 1279 5058 Ver-9.
1321 5000 1447 5049 Aen.
1492 5001 1523 5046 1
1559 5002 1658 5048 475
1867 5000 1897 5049 9
1936 5003 2280 5051 circundatum
2321 5003 2366 5050 P
2405 4997 2495 5065 Uy.

911 5084 1012 5139 22.
1089 5089 1109 5138 1
1152 5095 1441 5141 ΕΥΡΡΕΥΟΟ
1481 5092 1526 5139 Ρ
1756 5094 1785 5144 2
1824 5097 1969 5157 fugas
2005 5098 2118 5146 feda
2154 5097 2199 5145 P
2430 5098 2457 5146 3
2498 5099 2681 5146 troiani
2718 5097 2763 5145 P
2804 5096 2894 5158 U9.
3126 5097 3401 5146 stamandri
3437 5095 3481 5143 P
3704 5095 3894 5159 copulsi
3933 5095 3994 5155 P,

739 5175 982 5236 compulsi
1026 5174 1113 5235 [79.
1364 5178 1591 5228 Troianis
1629 5217 1641 5229 .
1676 5217 1686 5229 .
1719 5217 1731 5230 .
1775 5184 2039 5244 compulsis
2080 5183 2244 5244 Luyd.
2512 5183 2543 5231 4
2582 5181 2718 5250 cum]
2754 5183 2962 5243 fortasse
2998 5183 3116 5231 dum
3360 5187 3471 5243 post
3506 5182 3729 5231 exundat
3765 5183 3999 5229 lacunam

740 5260 1012 5322 siqnificavi
1217 5264 1291 5310 ibi
1315 5269 1369 5313 et
1398 5278 1516 5312 ·111·
1545 5266 1686 5314 milia
1721 5266 1782 5329 P,
1823 5269 1894 5315 ibi
1920 5285 1947 5317 a
1973 5283 2069 5319 ΧΠ.
2099 5271 2236 5318 milia
2280 5269 2392 5330 Uo„
2435 5271 2503 5317 ibi
2532 5272 2593 5318 ab
2619 5270 2814 5318 Achille
2838 5282 2917 5317 xn
2957 5268 3074 5317 Par.
3107 5269 3270 5330 υοῑ9ο,
3315 5269 3387 5316 ibi
3414 5273 3465 5316 et
3490 5281 3566 5315 111
3594 5270 3654 5316 ab
3677 5268 3874 5316 Achille
3910 5279 3998 5327 eqo

742 5343 772 5391 5
809 5344 1050 5392 iuvenum
1087 5346 1202 5397 Par.
1242 5350 1386 5410 volyo
1664 5354 1943 5402 uincuntur
1979 5355 2024 5402 P
2065 5355 2175 5416 Uq„
2216 5356 2513 5404 vinciuntur
2550 5354 2665 5405 Par.
2938 5356 3268 5405 imolarentur
3312 5354 3398 5416 Uy.
3683 5354 3714 5403 6
3751 5367 3920 5414 campo
3958 5351 4007 5398 P

742 5429 770 5477 7
809 5420 894 5478 std
931 5428 976 5475 P
1178 5434 1364 5495 singuli
1404 5436 1449 5483 P
1655 5437 1684 5487 8
1723 5441 1887 5487 menia
1923 5439 1968 5487 P
2172 5443 2476 5503 impingitur
2518 5440 2610 5502 Uy.

913 5518 1014 5575 28.
1085 5525 1118 5573 4
1154 5533 1402 5588 pugnaret
1450 5529 1534 5589 [19.
1577 5532 1717 5593 υοι9ο
1929 5536 2089 5596 spetie
2128 5535 2173 5582 P
2376 5537 2630 5585 adortante
2672 5535 2717 5583 P
2924 5536 2954 5584 5
2991 5537 3244 5597 relegatus
3282 5535 3327 5583 P
3532 5541 3610 5584 ter
3645 5536 3832 5583 circum
3869 5527 4003 5597 sqq]

737 5609 807 5669 cf.
860 5610 996 5671 Very.
1037 5611 1162 5661 Aen.
1205 5613 1238 5659 Ι
1270 5614 1368 5662 483
1578 5617 1609 5666 6
1647 5619 1839 5668 ultione
1875 5622 2142 5678 Aecus-sius
2177 5624 2317 5682 υοι9ο
2528 5624 2735 5671 uictoris
2772 5623 2829 5684 P,
2873 5629 2926 5670 et
2960 5624 3171 5672 uictoris
3217 5621 3307 5682 Uo.
