4630 6435
815 454 853 514 2
864 456 939 515 24
2281 446 2590 503 AVSONII

2015 828 2143 894 CV.
2203 828 2296 892 IN
2342 827 2860 893 APOLLINEM.

1489 1005 1662 1067 Pone
1708 1022 1960 1083 arcum,
2013 1002 2262 1082 Paean,
2318 1001 2689 1082 celeresque
2735 1000 3010 1066 reconde
3058 998 3365 1082 sagittas:
3982 1014 4079 1065 102

1659 1125 1786 1170 non
1830 1112 1892 1171 te
1939 1104 2118 1188 virgo
2164 1103 2367 1188 fugit,
2420 1104 2535 1170 sed
2578 1111 2692 1170 tua
2734 1104 2866 1170 tela
2909 1103 3113 1169 timet.
4003 1101 4080 1162 (ω)

2041 1447 2204 1513 CVI.
2274 1448 2367 1511 IN
2415 1446 2848 1512 DAPHNEN.

1487 1622 1712 1687 Invide
1759 1640 1870 1686 cur
1914 1640 2221 1705 properas
2269 1626 2484 1684 cortex
2530 1617 2782 1702 operire
2828 1617 3156 1701 puellam?
3985 1632 4078 1683 103

1488 1727 1711 1791 laurea
1756 1724 2027 1790 debetur
2069 1723 2360 1806 Phoebo,
2415 1722 2472 1789 si
2519 1722 2697 1805 virgo
2744 1727 3036 1805 negatur.
4006 1723 4080 1783 (ω)

2003 2067 2201 2132 CVII.
2253 2065 2347 2130 IN
2395 2063 2900 2130 SCABIOSVM.

1490 2240 1910 2304 Thermarum
1957 2237 2022 2302 in
2069 2236 2227 2302 solio
2274 2236 2331 2301 si
2376 2236 2519 2320 quis
2566 2235 2950 2320 Polygitona
2994 2235 3153 2301 vidit
3986 2253 4080 2303 108

1489 2343 1708 2409 ulcera
1752 2342 2174 2407 membrorum
2223 2340 2439 2405 scabie
2485 2339 2843 2424 putrefacta
2887 2338 3243 2419 foventem,
4004 2343 4081 2403 (ω)

1491 2445 1860 2530 praeposuit
1904 2445 2150 2511 cunctis
2197 2444 2566 2529 spectacula
2608 2442 2770 2508 talia
2814 2442 3008 2508 ludis.

1491 2547 1804 2632 principio
1851 2547 2141 2613 tremulis
2186 2545 2561 2630 gannitibus
2608 2553 2761 2610 aera
2806 2546 3023 2629 pulsat

1362 2675 1387 2714 5
1494 2652 1818 2734 verbaque
1864 2650 2141 2716 lascivos
2186 2649 2591 2716 meretricum
2637 2648 2956 2714 imitantia
3001 2655 3221 2714 coetus

1494 2753 1707 2819 vibrat
1749 2761 1814 2819 et
1858 2754 2175 2819 obscenae
2219 2772 2518 2818 numeros
2563 2751 2912 2837 pruriginis
2955 2752 3207 2837 implet.

1495 2857 1797 2923 bracchia
1841 2857 2075 2923 deinde
2120 2863 2288 2922 rotat
2333 2856 2510 2922 velut
2554 2856 2789 2922 enthea
2835 2856 3147 2922 daemone
3193 2856 3492 2921 Maenas:

1496 2970 1721 3045 pectus
1766 2980 1951 3025 crura
1998 2961 2168 3026 latus
2216 2967 2503 3026 ventrem
2552 2959 2795 3025 femora
2838 2960 3112 3042 inguina
3158 2980 3342 3025 suras

1495 3072 1743 3147 tergum
1792 3064 1961 3127 colla
2007 3083 2261 3128 umeros
2307 3064 2525 3128 luteae
2569 3062 3017 3147 symplegadis
3063 3069 3351 3146 antrum,

1333 3192 1388 3232 ιο
1496 3173 1628 3233 tam
1672 3167 1931 3232 diversa
1975 3166 2132 3233 locis
2179 3187 2351 3250 vaga
2396 3166 2765 3232 carnificina
2809 3172 3133 3251 pererrat,

1496 3272 1700 3337 donec
1743 3278 2131 3337 marcentem
2177 3270 2375 3335 calidi
2420 3270 2669 3336 fervore
2714 3270 2957 3336 lavacri

1496 3374 1776 3440 blandus
1823 3373 2004 3440 letali
2050 3373 2259 3438 solvat
2303 3372 2647 3439 dulcedine
2693 3374 2977 3439 morbus.

1499 3478 1800 3544 desectos
1846 3478 1939 3544 sic
1984 3479 2158 3543 fama
2202 3479 2409 3557 virOS,
2471 3477 2579 3543 ubi
2628 3496 2814 3542 cassa
2856 3477 3056 3543 libido

1498 3582 1812 3647 femineos
1857 3589 2076 3648 coetus
2123 3589 2188 3647 et
2230 3601 2357 3646 non
2404 3600 2524 3645 sua
2567 3580 2744 3645 bella
2785 3581 3080 3664 lacessit,

1334 3710 1392 3750 ιε,
1497 3686 1681 3751 irrita
1723 3693 1957 3751 vexato
2003 3705 2377 3751 consumere
2424 3683 2666 3768 gaudia
2711 3684 2914 3767 lecte,

1499 3788 1761 3854 titillata
1804 3789 1985 3855 brevi
2031 3809 2172 3854 cum
2217 3790 2348 3854 iam
2397 3789 2514 3853 sub
2561 3786 2687 3853 fine
2734 3788 3030 3873 voluptas

1500 3892 1707 3958 fervet
1751 3898 1816 3957 et
1857 3890 2101 3956 incesto
2149 3891 2405 3976 peragit
2450 3891 2732 3956 ludibria
2776 3909 3012 3956 morsu.

1499 3995 1754 4079 torpida
1797 4014 1922 4058 non
1968 3995 2158 4060 aliter
2201 3995 2543 4079 Polygiton
2588 3996 2873 4059 membra
2918 3994 3182 4060 resolvit

1502 4105 1600 4181 et,
1654 4098 1808 4179 quia
1851 4097 2165 4165 debentur
2210 4117 2516 4182 suprema
2560 4097 2818 4182 piacula
2862 4097 3067 4179 vitae,

1334 4226 1394 4267 20
1501 4201 1585 4266 ad
1631 4201 2175 4285 Phlegethonteas
2222 4220 2368 4267 sese
2413 4200 2540 4265 iam
2590 4208 2933 4285 praeparat
2978 4201 3208 4265 undas.

1002 4523 1108 4572 GV.
1193 4521 1211 4570 1
1257 4523 1367 4569 luy.
1411 4520 1482 4566 VI
1527 4516 1620 4566 172
1659 4530 1804 4578 parce
1839 4530 2024 4579 precor,
2068 4515 2250 4575 Paean,
2290 4520 2344 4563 et
2380 4521 2454 4576 tu,
2497 4516 2605 4577 dea,
2648 4529 2776 4577 pone
2814 4515 3018 4575 sagittas

1006 4608 1165 4657 CVII.
1243 4607 1275 4656 9
1312 4605 1458 4655 Mart.
1501 4605 1573 4651 XI
1612 4602 1699 4666 99,
1738 4602 1769 4650 5
1806 4604 2004 4663 gemina
2040 4603 2359 4664 symplegade
2396 4603 2496 4650 culi

1004 4900 1105 4951 GV.
1184 4903 1244 4948 In
1283 4900 1572 4962 Apollinem
1610 4898 1694 4957 M,
1753 4897 1833 4945 Ad
1872 4897 2157 4959 Apollinem
2207 4897 2268 4944 de
2321 4898 2533 4960 Daphne
2589 4895 2773 4956 (puella
2808 4895 2926 4944 add.
2970 4896 3015 4943 Ε
3046 4896 3201 4956 volyo)
3259 4897 3487 4957 fugiente
3532 4894 3762 4958 T(m2)vE
3792 4898 3961 4958 volve,
4021 4898 4095 4944 De

835 4987 1074 5050 Apolline
1112 4996 1164 5035 et
1201 4988 1262 5035 de
1301 4986 1514 5047 Daphne
1550 4984 1720 5046 puella
1758 4984 1985 5043 fugiente
2020 4980 2160 5031 muv2
2372 4984 2393 5032 1
2436 4980 2625 5049 Paean]
2658 4997 2877 5046 pennam
2921 4983 2960 5028 T

1005 5073 1136 5122 cvl.
1213 5075 1273 5121 In
1311 5072 1574 5134 Daphnem
1612 5068 1678 5129 122,
1740 5071 1817 5119 De
1852 5071 2064 5132 Daphne
2101 5076 2236 5119 tecta
2271 5073 2453 5119 cortice
2496 5068 2699 5135 Τ(ηι2)χ,
2753 5071 2951 5117 nullum
2987 5071 3163 5117 lemma
3202 5069 3269 5132 M,
3331 5071 3408 5118 Ad
3444 5072 3707 5133 corticem,
3751 5084 3848 5133 quo
3880 5071 4096 5132 Daphne

831 5161 1094 5219 tegebatur
1129 5158 1295 5220 Luyd.
1336 5159 1477 5218 υοιρο
1721 5157 1934 5204 Finiunt
1969 5158 2324 5219 epigrammata
2369 5157 2410 5204 Τ
2443 5160 2497 5205 in
2530 5171 2632 5216 my.
2672 5158 2827 5205 minio
3071 5158 3287 5206 Ausonii
3324 5158 3499 5205 Peonii
3535 5164 3713 5219 poetae
3749 5159 3952 5206 disertis
3988 5158 4096 5219 epi-

840 5250 1160 5303 grammatffln
1201 5247 1352 5293 Liber
1391 5258 1452 5292 ·1·
1493 5244 1633 5291 Finit
1671 5243 1715 5289 E

1008 5330 1164 5380 cv11.
1243 5333 1303 5378 In
1341 5332 1622 5379 scabiosum
1650 5329 1720 5389 M,
1762 5330 1823 5377 ln
1849 5330 2125 5378 scabiosum
2152 5330 2490 5390 Polygitonem
2521 5331 2881 5391 (Poligytonem
2913 5329 2969 5388 T)
3012 5330 3185 5377 TmuE
3203 5331 3364 5391 υοὶρο,
3404 5332 3764 5393 Impoligonum
3791 5328 3859 5389 v2,
3904 5332 3963 5378 1n
4003 5330 4095 5377 Po-

833 5416 1110 5475 lygitonem
1148 5417 1234 5477 qui
1272 5418 1431 5465 multa
1467 5419 1629 5465 scabie
1668 5417 1947 5465 uexabatur
1981 5433 2010 5463 v
2225 5416 2246 5464 1
2297 5420 2357 5475 (ct
2388 5416 2466 5479 18)
2506 5418 2778 5479 poligitona
2817 5415 2886 5478 M,
2929 5418 3210 5477 poligytona
3245 5416 3286 5463 T
3494 5417 3525 5466 2
3572 5417 3631 5479 (et
3662 5417 3737 5479 18)
3785 5418 4095 5465 menbrorum

838 5502 893 5548 M
1101 5502 1130 5548 3
1170 5505 1429 5564 proposuit
1470 5504 1510 5549 T
1714 5503 1744 5551 5
1783 5508 1952 5551 caetus
1995 5503 2047 5564 Τ,
2089 5509 2231 5550 cetus
2271 5503 2331 5549 M
2533 5504 2560 5550 7
2601 5504 2799 5551 brachia
2837 5518 2879 5550 ω
3090 5500 3241 5569 rotat]
3279 5506 3444 5553 uibrat
3489 5504 3530 5550 Τ
3735 5503 3765 5553 8
3804 5505 4019 5551 foemora
4058 5502 4099 5548 T

835 5589 867 5636 9
904 5588 1139 5636 humeros
1178 5603 1221 5636 ω
1432 5588 1598 5637 luctae
1641 5589 1682 5636 Τ
1885 5589 2206 5650 simplegadis
2245 5589 2345 5635 ΤΜ
2555 5589 2615 5638 12
2654 5591 2823 5637 laetali
2854 5590 2895 5635 Τ
3109 5589 3169 5638 14
3210 5593 3482 5639 foemineos
3512 5590 3554 5636 Τ
3763 5595 3904 5640 cetus
3937 5589 4032 5637 ΤΜ

835 5675 1046 5722 lacescit
1086 5673 1126 5720 Τ
1410 5674 1470 5723 15
1508 5689 1850 5724 consummere
1892 5677 1932 5722 Τ
2209 5674 2269 5723 16
2308 5677 2491 5723 titilata
2534 5677 2574 5722 Τ
2851 5675 2909 5723 17
2951 5677 3151 5735 ingestu
3197 5677 3259 5739 T,
3299 5679 3492 5736 ingesto
3529 5683 3620 5726 cce.
3659 5691 3784 5725 corr.
3826 5676 4099 5725 sannanim

838 5758 899 5807 18
937 5759 1136 5820 turpida
1179 5758 1294 5821 ΤΜ,
1339 5761 1505 5822 turpia
1539 5776 1576 5824 χ
1612 5763 1774 5821 coloe,
1815 5763 2005 5823 torpida
2044 5761 2289 5809 Baehrens
2505 5760 2565 5809 19
2603 5776 2701 5823 qua
2740 5762 2794 5808 M
3000 5761 3069 5810 20
3108 5765 3429 5823 flegetonteas
3473 5764 3574 5810 ΤΜ
3783 5770 4016 5825 preparet
4056 5763 4096 5808 T
