4630 6435
1757 335 2145 394 APPENDIX
2188 339 2248 402 (Ι.
2289 338 2730 404 PERIOCHAE)
2746 383 2758 395 .
3756 342 3882 405 233

2170 666 2347 732 XVI.

803 818 910 885 17.
1441 812 1556 890 εὨς
1602 817 1660 883 οἳ
1706 819 1811 903 μὲν
1855 819 1989 906 περὶ
2035 817 2175 904 νηὸς
2222 823 2575 905 ἐυσσέλμοιο
2624 817 2909 908 μάχοντο.
3779 833 3884 884 436

1458 921 1625 986 Dum
1672 922 1835 1003 face,
1890 924 2041 988 dum
2087 923 2254 989 ferro
2300 925 2541 991 celsam
2585 926 2890 990 affectare
2937 923 3220 990 carinam

1456 1027 1656 1092 Troes
1702 1032 1767 1091 et
1809 1026 2093 1110 Argolici
2136 1034 2413 1111 pergunt
2457 1027 2805 1093 defendere
2851 1047 3073 1111 reges:

804 1127 1092 1193 Achilles
1125 1128 1513 1194 Graecorum
1560 1135 1794 1194 statum
1837 1128 1966 1194 iam
2014 1131 2132 1195 sub
2179 1137 2465 1196 extrema
2495 1137 2662 1195 sorte
2694 1131 3032 1196 miseratur
3061 1152 3138 1196 ac
3168 1130 3562 1214 tegminibus
3593 1130 3729 1196 suis
3759 1131 3888 1196 Pa-

570 1249 596 1288 5
633 1231 899 1295 troclum
944 1230 1253 1316 permittit
1295 1230 1550 1296 armari.
1647 1231 1758 1314 qui
1803 1252 1943 1297 cum
1989 1232 2458 1316 Myrmidonum
2505 1233 2912 1317 produxisset
2942 1233 3290 1299 exercitum
3323 1240 3885 1316 consternatosque

635 1332 945 1399 Troianos
991 1333 1264 1399 Achillis
1324 1334 1537 1418 specie
1584 1333 1948 1417 fefellisset,
2000 1342 2257 1400 ruentes
2314 1355 2510 1419 supra
2552 1336 2794 1401 vallum
2856 1342 2921 1401 et
2978 1336 3250 1401 invicem
3290 1334 3647 1401 officientes
3691 1355 3884 1402 caeco

633 1457 872 1520 pavore
919 1457 1120 1520 usque
1165 1437 1251 1502 ad
1296 1437 1507 1521 campi
1551 1444 1777 1520 aperta
1821 1438 2142 1522 conpellit.
2240 1438 2477 1504 deinde
2523 1457 2907 1522 congressus
2940 1438 3375 1523 Sarpedonem
3420 1438 3675 1523 perimit
3718 1439 3888 1504 mul-

634 1538 841 1622 tisque
885 1540 1163 1605 hostium
1210 1539 1418 1606 caesis
1462 1540 1603 1625 ipse
1649 1541 1731 1606 ab
1778 1542 2050 1607 Hectore
2095 1541 2492 1624 interficitur,
2543 1542 2722 1626 prius
2766 1542 2848 1607 ab
2895 1541 3237 1627 Euphorbo
3282 1542 3679 1607 vulneratus.

2154 1782 2363 1846 XVII.

808 1932 918 2001 18.
1459 1931 1604 1998 Οὐδ’
1657 1931 1829 1998 ἔλαθ’
1877 1931 2109 2020 Ἀτρέος
2156 1933 2280 1999 υἱὸν
2331 1931 2651 2022 ἀρηίφιλον
2702 1933 3034 1999 Μενέλαον.
3784 1947 3883 1996 437

1456 2036 1828 2103 Actoridem
1875 2057 2135 2102 caesum
2180 2058 2300 2103 nec
2344 2044 2428 2121 te,
2481 2039 2798 2120 Menelae,
2851 2038 3105 2104 fefellit.

803 2139 989 2205 Circa
1033 2140 1483 2225 interemptum
1528 2140 1889 2206 Patroclum
1934 2161 2155 2225 pugna
2198 2140 2593 2206 contrahitur
2614 2192 2628 2221 ,
2688 2161 2829 2206 cum
2876 2141 3117 2206 diversi
3162 2140 3480 2207 exercitus
3526 2140 3881 2223 tenderent,

635 2242 887 2324 Graeci,
939 2263 1167 2327 corpus
1214 2249 1282 2307 ut
1327 2242 1769 2324 defenderent,
1821 2243 2104 2324 Troiani,
2158 2250 2227 2307 ut
2270 2243 2356 2309 ad
2400 2242 2744 2309 ludibrium
2790 2242 3066 2309 cadaver
3111 2243 3464 2328 eriperent:
3520 2264 3561 2308 a
3592 2243 3885 2308 Menelao

571 2366 596 2405 5
634 2346 1016 2432 Euphorbus
1061 2345 1367 2411 occiditur
1411 2353 1474 2411 et
1517 2345 1602 2410 ad
1647 2345 2134 2411 ostentationem
2179 2346 2440 2429 gloriosi
2485 2345 2790 2411 facinoris
2820 2347 3094 2412 Achillis
3126 2346 3375 2411 exuviis
3406 2347 3644 2412 Hector
3673 2367 3885 2411 arma-

633 2455 755 2514 tur.
850 2449 1226 2514 Antilochus
1271 2447 1357 2513 ad
1402 2449 1721 2513 Achillem
1765 2449 2028 2514 nuntius
2090 2449 2294 2514 cladis
2352 2456 2659 2534 acceptae
2704 2449 2997 2515 Menelao
3054 2449 3336 2514 instante
3395 2448 3681 2514 festinat.
3777 2449 3887 2533 qui

636 2556 701 2616 et
740 2550 886 2637 ipse
931 2559 1156 2637 postea
1201 2571 1343 2617 cum
1389 2552 1673 2617 Merione
1717 2552 1886 2617 intra
1928 2551 2254 2617 navalium
2301 2552 2697 2617 munimenta
2744 2571 2813 2617 se
2859 2552 3105 2636 recipit,
3159 2571 3303 2617 cum
3334 2557 3467 2618 tota
3497 2552 3700 2617 moles
3730 2551 3888 2618 belli

642 2656 957 2738 [Menelao
1003 2657 1085 2738 et]
1139 2654 1446 2720 Aiacibus
1491 2655 1862 2739 ingruisset.

2136 2895 2375 2960 XVIII.

810 3049 918 3117 19.
1439 3044 1562 3123 “sk
1607 3049 1666 3114 οἳ
1713 3050 1816 3135 μὲν
1866 3045 2164 3136 μάρναντο
2211 3051 2399 3135 δέμας
2443 3046 2626 3134 πυρὸς
2674 3050 3048 3134 αἰθομένοιο.
3781 3059 3883 3108 438

1456 3153 1622 3219 Dum
1671 3153 1824 3220 furit
1865 3154 1933 3219 in
1978 3154 2190 3220 medio
2235 3153 2393 3219 valli
2435 3153 2535 3217 vis
2578 3153 2773 3236 ignea
2819 3153 3072 3220 Martis:
3585 3182 3598 3196 ·

803 3258 1090 3323 Achilles
1135 3257 1202 3323 in
1246 3257 1678 3323 miserabilem
1725 3256 1983 3321 modum
2030 3257 2305 3322 Patrocli
2352 3255 2547 3322 deflet
2588 3256 2934 3339 interitum,
2987 3277 3176 3339 quem
3221 3255 3287 3321 vi
3316 3256 3556 3321 doloris
3587 3254 3886 3320 affectum

635 3361 1108 3427 consolantibus
1154 3360 1368 3426 verbis
1413 3367 1619 3425 mater
1663 3360 2032 3442 alloquitur.
2124 3379 2243 3425 nec
2285 3360 2564 3424 inultum
2623 3359 2899 3425 amicum
2958 3360 3093 3426 fore
3137 3360 3450 3445 pollicens
3496 3359 3885 3444 perlaturam

570 3484 595 3523 5
635 3483 777 3529 sese
835 3462 1106 3529 Vulcani
1166 3483 1346 3527 arma
1401 3462 1730 3547 promittit.
1823 3463 2070 3527 interea
2124 3469 2187 3527 et
2244 3462 2368 3526 Iris
2435 3462 2517 3526 ab
2575 3462 2818 3528 Iunone
2877 3462 3263 3544 demittitur,
3337 3462 3521 3528 cuius
3579 3459 3887 3525 instantia

635 3566 920 3631 Achilles
965 3572 1147 3631 extra
1192 3565 1433 3629 vallum
1480 3585 1866 3649 quamquam
1912 3565 2174 3630 inermis
2221 3564 2548 3648 egreditur
2590 3565 3074 3647 conterritisque
3117 3564 3413 3630 Troianis
3472 3584 3667 3649 super
3723 3563 3886 3628 alios

633 3670 780 3735 aliis
824 3668 1399 3755 praecipitantibus
1445 3668 1574 3733 late
1620 3667 1776 3751 fuga
1820 3676 1884 3734 et
1927 3667 2123 3733 latius
2169 3667 2440 3734 formido
2485 3667 2849 3751 porrigitur.
2931 3668 3283 3751 eodemque
3313 3673 3602 3752 tempore
3634 3673 3699 3732 et
3728 3667 3888 3731 Vul-

634 3791 831 3837 canus
877 3778 1174 3837 exoratus
1219 3791 1261 3835 a
1303 3770 1577 3836 Thetide
1624 3778 1754 3837 tota
1798 3779 2016 3854 nocte,
2083 3792 2273 3855 quam
2320 3772 2516 3854 longa
2562 3779 2689 3853 est,
2761 3772 3067 3837 caelestia
3126 3770 3192 3836 in
3237 3770 3511 3854 gratiam
3557 3769 3885 3855 nymphae

633 3896 814 3940 arma
857 3875 1138 3940 molitur.

2998 4014 3020 4045 Ν

2121 4114 2395 4180 XVIIII.

805 4268 916 4336 20.
1455 4266 1627 4342 Ἠὼς
1675 4269 1780 4354 μὲν
1825 4266 2227 4355 κροκόπεπλος
2275 4266 2383 4335 ἀπ’
2431 4266 2750 4334 Ὠκεανοῖο
2799 4265 3015 4355 ῥοάων.
3782 4278 3883 4326 439

1456 4372 1784 4437 Oceanum
1830 4373 2077 4438 interea
2123 4393 2396 4457 surgens
2441 4373 2688 4438 Aurora
2732 4371 3011 4453 reliquit.

805 4474 1093 4541 Achilles
1154 4474 1350 4539 armis
1409 4475 1799 4540 caelestibus
1859 4495 1980 4561 ope
2026 4476 2301 4541 Vulcani
2346 4483 2410 4541 et
2452 4495 2715 4541 munere
2760 4475 2983 4539 matris
3033 4474 3385 4539 instruitur.
3481 4471 3633 4537 dein
3679 4470 3886 4535 Grae-

636 4597 850 4644 corum
895 4578 1280 4663 primoribus
1325 4576 1392 4642 in
1437 4578 1776 4643 concilium
1823 4578 2067 4644 vocatis
2109 4579 2510 4643 iracundiam
2557 4578 2676 4643 sub
2721 4577 3070 4642 abolitione
3115 4575 3377 4661 deponit
3434 4580 3499 4640 et
3553 4574 3883 4660 promissis
3987 4592 3997 4601 ·

806 4850 908 4906 17.
985 4857 1000 4905 l
1046 4858 1328 4904 ΕΥΟΕΛΜΟΙ
1363 4855 1409 4902 Ρ
1648 4854 1677 4903 2
1715 4855 1892 4905 affecta
1929 4854 1974 4901 P
2015 4855 2128 4915 L'9.,
2169 4869 2458 4918 oppugnare
2502 4851 2644 4903 Vera.⁴
2676 4856 2830 4917 v0190,
2875 4856 3106 4903 affectare
3144 4868 3230 4914 ιρο
3471 4852 3502 4902 4
3539 4852 3736 4899 achillis
3776 4850 3821 4897 P

631 4943 898 4990 miseratur
935 4940 982 4989 P
1021 4941 1133 5001 U9.,
1175 4943 1439 4991 miseratur
1475 4957 1532 4992 ac
1568 4942 1758 5004 Har-tel,
1801 4943 2065 4990 miseratus
2100 4956 2185 5001 eyo
2439 4943 2723 5003 agminibus
2759 4941 2805 4988 P
2847 4941 2957 5001 Uo„
3001 4942 3149 4988 armis
3192 4935 3335 4989 Ven.⁴
3370 4940 3531 5000 volyo,
3575 4937 3883 4997 tegminibus

630 5042 717 5087 eqo
980 5028 1010 5076 5
1049 5028 1418 5087 mirmydonum
1454 5027 1499 5075 P
1759 5027 1792 5077 6
1828 5029 2076 5077 seselisset
2112 5028 2157 5075 P
2416 5024 2588 5094 supra]
2626 5031 2715 5076 εὖτ
2753 5026 2798 5073 Ρ
3055 5026 3331 5075 efficientes
3369 5024 3413 5071 P
3452 5022 3561 5085 Uy„
3604 5022 3883 5070 officientes

632 5116 895 5162 Ace-unius
1105 5122 1214 5162 ceto
1251 5113 1296 5160 P
1500 5113 1527 5161 7
1567 5115 1823 5176 compellit
1866 5114 1954 5174 Uo.
2170 5112 2200 5163 8
2236 5116 2348 5178 ipse
2386 5115 2448 5162 ad
2486 5116 2545 5162 ab
2585 5113 2642 5174 P,
2684 5113 2747 5161 ad
2783 5113 2877 5160 del.
2929 5112 3018 5172 Cy.

806 5195 905 5251 18.
978 5198 1007 5247 3
1046 5213 1159 5247 cum
1196 5200 1251 5247 in
1287 5200 1484 5249 diversa
1518 5215 1610 5249 ms.
1652 5203 1874 5249 Accuraii
1896 5203 2037 5261 volqo
2246 5200 2607 5249 contenderent
2650 5199 2741 5260 Uo.
2769 5200 2911 5260 volyo
3120 5197 3150 5245 4
3190 5201 3250 5245 ut
3284 5210 3460 5257 corpus
3505 5192 3648 5244 Ven.⁴
3672 5194 3814 5253 υοὶρο

632 5290 684 5334 et
717 5285 781 5334 ad
823 5285 911 5346 Uq.
1124 5287 1402 5347 arriperent
1435 5300 1526 5335 ma.
1568 5287 1802 5345 Aemi-aii,
1842 5288 2126 5349 abriperent
2166 5286 2277 5334 Toll
2487 5287 2516 5334 5
2553 5286 2863 5348 euphorbius
2900 5283 2944 5331 P
3149 5282 3181 5331 6
3216 5283 3461 5330 antiloeua
3500 5280 3546 5327 P
3750 5294 3884 5328 nun-

630 5373 739 5421 cius
783 5371 873 5431 Uy.
1087 5374 1311 5422 menelao
1347 5378 1399 5421 et
1433 5374 1657 5421 aiacibus
1696 5372 1740 5420 P
1784 5373 1893 5436 Uo„
1936 5373 2160 5422 Menelao
2197 5372 2292 5422 del.
2343 5369 2500 5433 Ven.⁴,
2544 5371 2768 5420 Menelao
2805 5376 2856 5418 et
2893 5369 2987 5419 del.
3033 5367 3149 5417 Azd.
3361 5369 3554 5416 infante
3595 5365 3640 5412 P
3726 5426 3731 5429 ,

805 5450 905 5508 19.
977 5454 1007 5505 2
1044 5457 1167 5507 belli
1203 5458 1247 5507 P
1287 5458 1397 5520 Uy„
1439 5459 1558 5505 valli
1594 5459 1831 5507 Heinsius
2036 5460 2184 5507 marti
2224 5457 2268 5505 P
2490 5457 2519 5506 3
2559 5459 2803 5505 afflictum
2842 5455 3068 5503 Florida-r
3276 5454 3305 5502 5
3342 5456 3442 5514 yria
3484 5453 3527 5499 P
3730 5451 3763 5501 6
3798 5453 3883 5499 in-

631 5542 816 5590 hermia
853 5541 896 5588 P
1100 5544 1127 5593 7
1167 5550 1264 5600 lata
1300 5548 1346 5598 P
1553 5543 1582 5592 8
1621 5545 1850 5594 thethide
1889 5545 1933 5593 P
2137 5546 2357 5608 nympha
2393 5545 2438 5592 P
3660 5552 3663 5557 “

803 5621 905 5677 20.
975 5625 1004 5674 2
1049 5630 1182 5705 Ver-9,
1224 5642 1352 5692 Am,
1395 5630 1523 5679 1111
1558 5630 1675 5678 129.
1718 5631 1796 5677 XI
1832 5634 1855 5677 1
2069 5630 2099 5679 3
2138 5627 2375 5697 munere]
2410 5633 2637 5679 minerue
2675 5629 2720 5676 P
2924 5627 2955 5675 4
2993 5623 3111 5693 sub]
3145 5642 3288 5677 snam
3324 5626 3519 5676 Gronov
3556 5624 3698 5685 volqo

788 5726 1022 5770 Ancum.
3401 5728 3465 5778 30
3538 5772 3546 5780 ι
