4630 6435
1929 453 2270 510 MOSELLA
2315 455 2568 519 (XVIII).
3794 457 3873 517 97

1293 642 1527 707 addam
1578 642 1799 721 urbes,
1851 642 2047 708 tacito
2092 663 2254 724 quas
2301 643 2757 709 subterlaberis
2803 644 3028 724 alveo,

1084 765 1181 805 455
1289 745 1668 828 moeniaque
1715 746 1996 828 antiquis
2041 752 2103 811 te
2149 747 2625 832 prospectantia
2669 747 2904 812 muris:

1287 848 1525 914 addam
1571 848 1913 934 praesidiis
1959 848 2296 914 dubiarum
2347 850 2602 916 condita
2646 871 2890 933 rerum,

1288 953 1406 1018 sed
1452 952 1640 1018 modo
1687 953 1932 1017 securis
1977 974 2102 1017 non
2150 960 2393 1036 castra,
2449 953 2563 1019 sed
2608 955 2840 1019 horrea
2887 954 3136 1036 Belgis:

1289 1056 1526 1121 addam
1573 1056 1799 1121 felices
1844 1056 1985 1139 ripa
2030 1077 2110 1121 ex
2156 1065 2426 1140 utraque
2473 1058 2728 1122 colonos

1288 1165 1477 1242 teque
1524 1161 1688 1225 inter
1732 1160 1979 1225 medios
2025 1159 2478 1243 hominumque
2523 1161 2840 1242 boumque
2888 1161 3138 1226 labores

1083 1282 1181 1322 ⁴60
1289 1263 1708 1345 stringentem
1755 1263 1930 1349 ripas
1976 1271 2040 1329 et
2084 1263 2355 1347 pinguia
2403 1264 2576 1328 culta
2621 1270 2971 1328 secantem.

1285 1387 1414 1430 non
1457 1366 1573 1430 tibi
1621 1386 1690 1430 se
1737 1366 1930 1449 Liger
1974 1366 2320 1445 anteferet,
2373 1386 2500 1431 non
2546 1366 2775 1431 Axona
2821 1386 3162 1450 praecepS,

1286 1468 1579 1534 Matrona
1623 1489 1777 1550 non,
1834 1468 2042 1535 Gallis
2089 1469 2438 1552 Belgisque
2481 1469 2780 1534 intersita
2823 1468 2996 1549 finis,

1290 1572 1631 1637 Santonico
1679 1572 1918 1637 refluus
1962 1594 2092 1637 non
2134 1574 2277 1656 ipse
2326 1573 2727 1638 Carantonus
2772 1579 2981 1637 aestu.

1290 1676 1595 1740 concedet
1640 1676 1856 1758 gelido
1903 1675 2152 1740 Durani
2199 1675 2279 1740 de
2326 1682 2538 1741 monte
2584 1676 2837 1741 volutus

1083 1799 1181 1840 465
1287 1778 1495 1842 amnis
1541 1784 1606 1843 et
1648 1778 1994 1843 auriferum
2039 1784 2379 1862 postponet
2425 1778 2639 1843 Gallia
2684 1779 2943 1843 Tamen

1285 1881 1712 1963 insanumque
1759 1901 1950 1945 ruens
1997 1901 2113 1965 per
2157 1901 2319 1945 saxa
2363 1880 2638 1945 rotantia
2681 1881 2813 1946 late

1288 1984 1353 2048 in
1401 2005 1574 2049 mare
1619 2005 2040 2068 purpureum,
2098 1984 2396 2049 dominae
2441 1990 2654 2049 tamen
2700 1991 2849 2049 ante
2895 1983 3204 2048 Mosellae

1287 2089 1548 2153 numine
1593 2089 1889 2169 adorato,
1946 2088 2349 2153 Tarbellicus
2395 2087 2514 2152 ibit
2556 2088 2849 2152 Aturrus.

1461 2190 1773 2274 Corniger
1816 2199 2116 2256 externas
2164 2191 2547 2256 celebrande
2594 2191 2869 2256 Mosella
2912 2212 3028 2275 per
3072 2212 3247 2269 oras,

1082 2316 1179 2356 470
1286 2314 1406 2359 nec
1450 2295 1604 2359 solis
1650 2295 2036 2361 celebrande
2085 2295 2275 2376 locis,
2331 2294 2441 2358 ubi
2488 2294 2661 2359 fonte
2709 2314 3008 2378 supremo

1287 2398 1498 2463 exeris
1543 2404 1832 2463 auratum
1879 2398 2172 2464 taurinae
2220 2396 2447 2463 frontis
2502 2398 2835 2479 honorem,

1287 2522 1494 2584 quave
1540 2502 1740 2566 trahis
1784 2501 2076 2586 placidos
2123 2502 2388 2567 sinuosa
2432 2522 2547 2585 per
2590 2522 2747 2568 arva
2793 2508 3041 2567 meatus

1284 2604 1389 2668 vel
1434 2625 1561 2685 qua
1608 2604 1951 2669 Germanis
1999 2606 2117 2670 sub
2165 2604 2453 2688 portibus
2501 2606 2665 2669 ostia
2711 2605 2944 2669 solvis:

1286 2707 1340 2770 si
1385 2708 1528 2790 quis
1574 2708 1778 2773 honos
1824 2708 1999 2773 tenui
2045 2708 2218 2773 volet
2261 2708 2550 2791 aspirare
2598 2729 2939 2787 camenae,
3036 2720 3039 2723 ’

1082 2832 1179 2871 475
1285 2810 1555 2893 perdere
1603 2813 1657 2876 si
1705 2812 1849 2893 quis
1892 2812 1959 2875 in
2005 2811 2106 2876 his
2152 2811 2522 2894 dignabitur
2567 2813 2698 2876 otia
2743 2812 2975 2887 musis,

1283 2914 1410 2979 ibis
1453 2915 1520 2978 in
1566 2934 1679 2979 ora
1722 2915 2048 2980 hominum
2097 2916 2395 2996 laetoque
2441 2915 2741 2980 fovebere
2789 2923 3007 2980 cantu.

1284 3024 1347 3082 te
1393 3018 1605 3083 fontes
1651 3017 1909 3100 vivique
1954 3018 2165 3101 lacus,
2220 3024 2285 3083 te
2334 3019 2592 3083 caerula
2635 3025 2904 3083 noscent

1285 3118 1579 3201 flumina,
1634 3128 1698 3186 te
1743 3127 2032 3204 veteres,
2084 3142 2393 3206 pagorum
2439 3121 2682 3204 gloria,
2736 3121 2897 3189 luci:

1286 3231 1350 3289 te
1395 3225 1644 3306 Druna,
1699 3232 1763 3290 te
1810 3226 2056 3309 sparsis
2102 3226 2347 3290 incerta
2392 3225 2704 3291 Druentia
2745 3225 2906 3309 ripis

1082 3349 1176 3388 480
1284 3329 1630 3413 Alpinique
1678 3329 1889 3394 colent
1931 3328 2142 3410 fluvii,
2197 3328 2642 3413 duplicemque
2690 3350 2808 3412 per
2853 3332 3071 3396 urbem

1284 3436 1388 3515 qui
1437 3439 1609 3497 meat
1654 3439 1718 3497 et
1763 3434 2042 3497 Dextrae
2089 3431 2441 3498 Rhodanus
2489 3432 2601 3497 dat
2645 3434 2903 3497 nomina
2947 3435 3162 3517 ripae:

1285 3546 1346 3602 te
1393 3537 1641 3620 stagnis
1687 3556 1808 3620 ego
1854 3536 2171 3601 caeruleis
2217 3555 2649 3619 magnumque
2698 3538 2945 3601 sonoris

1284 3639 1613 3722 amnibus,
1665 3659 2021 3721 aequoreae
2068 3646 2131 3704 te
2178 3638 2639 3703 commendabo
2687 3639 3074 3704 Garumnae.

789 3880 888 3928 455
929 3882 1075 3943 Verg.
1116 3883 1295 3943 Georg.
1337 3884 1384 3930 11
1428 3882 1519 3931 157
1563 3885 1866 3944 numinaque
1904 3885 2133 3943 antiquos
2171 3887 2344 3943 supter
2380 3883 2602 3929 labentia
2639 3896 2803 3930 muros
3028 3883 3127 3932 459
3167 3884 3316 3944 Verg.
3361 3883 3539 3946 Georg.
3582 3886 3606 3933 1
3649 3885 3743 3935 118
3780 3887 3870 3935 ho-

617 3966 914 4028 minumque
961 3970 1209 4029 boumque
1260 3970 1454 4017 labores
1733 3967 1832 4016 460
1869 3969 2016 4027 Verg.
2061 3970 2192 4017 Aen.
2233 3969 2359 4015 VIII
2399 3968 2464 4016 63
2514 3970 2844 4029 stringentem
2895 3972 3026 4031 ripas
3078 3977 3130 4018 et
3179 3972 3389 4032 pinguia
3439 3972 3573 4020 culta
3622 3978 3871 4020 secantem

618 4048 718 4098 466
755 4050 904 4112 Verg.
937 4054 1062 4102 Aen.
1097 4055 1145 4102 X
1171 4055 1272 4104 362
1311 4070 1433 4103 saxa
1461 4058 1669 4102 rotantia
1694 4056 1794 4102 late
2003 4055 2101 4103 467
2142 4056 2290 4115 Verg.
2326 4055 2501 4117 Georg.
2536 4058 2641 4103 IIII
2669 4056 2766 4103 373
2805 4059 2860 4104 in
2900 4071 3034 4105 mare
3057 4071 3367 4119 purpureum
3579 4057 3679 4107 469
3717 4060 3864 4118 Verg.

616 4136 743 4184 Aen.
788 4139 912 4187 VIII
952 4139 1017 4189 76
1042 4155 1117 4202 sq.
1157 4143 1471 4191 celebrabere
1512 4180 1523 4191 .
1561 4179 1572 4190 .
1607 4179 1618 4190 .
1660 4145 1882 4201 corniger
2130 4141 2224 4190 471
2269 4141 2420 4202 Verg.
2464 4142 2640 4202 Georg.
2682 4144 2784 4191 1111
2825 4141 2914 4190 371
2962 4148 3013 4190 et
3050 4146 3248 4202 gemina
3286 4149 3489 4192 auratus
3527 4146 3725 4193 taurino
3763 4160 3868 4194 cor-

616 4235 716 4269 nua
751 4225 888 4273 voltu
1131 4228 1231 4276 476
1269 4229 1387 4276 Hor.
1429 4230 1595 4290 Epist.
1637 4230 1662 4275 I
1700 4227 1748 4289 3,
1791 4229 1822 4277 9
1858 4230 2078 4277 Romana
2116 4266 2127 4277 .
2163 4265 2175 4277 .
2209 4266 2219 4277 .
2265 4236 2509 4276 venturus
2547 4232 2601 4276 in
2639 4243 2721 4277 ora
2963 4228 3059 4277 477
3100 4230 3252 4289 Verg.
3297 4229 3473 4290 Georg.
3517 4232 3566 4278 11
3605 4231 3706 4279 469
3745 4234 3874 4280 vivi-

617 4321 713 4368 que
749 4311 886 4359 lacus
1095 4313 1194 4362 482
1222 4328 1296 4375 sq.
1340 4318 1492 4375 Verg.
1533 4316 1662 4364 Aen.
1704 4315 1807 4363 XII
1851 4314 1946 4365 139
1983 4317 2176 4374 stagnis
2215 4352 2226 4363 .
2265 4352 2274 4363 .
2310 4350 2321 4361 .
2365 4317 2760 4377 fluminibusque
2797 4317 2988 4364 sonoris

787 4551 865 4581 vv.
909 4536 1006 4584 454
1033 4553 1102 4599 sq.
1147 4541 1199 4584 in
1222 4555 1318 4600 my.
1349 4540 1420 4586 ml
1459 4538 1487 4588 λ
1717 4538 1817 4586 454
1857 4545 1997 4586 tanto
2035 4540 2121 4596 qni
2161 4537 2189 4587 λ
2402 4529 2761 4587 subterlaberi⁸
2800 4538 2861 4588 λ*
3089 4539 3187 4588 455
3226 4529 3549 4602 moe⁰niaque
3587 4538 3632 4603 λ,
3676 4545 3868 4604 menia-

615 4651 712 4697 qne
751 4640 790 4685 Z
1034 4617 1258 4702 antiquis
1294 4641 1322 4692 λ
1364 4644 1410 4704 (o
1446 4643 1564 4704 del.)
1843 4643 1940 4690 457
1981 4639 2103 4708 non]
2140 4657 2276 4690 nunc
2314 4640 2343 4691 λ
2591 4644 2735 4690 borea
2774 4641 2802 4691 λ
3081 4644 3173 4693 461
3219 4659 3316 4692 non
3353 4648 3470 4693 mai.
3508 4645 3603 4692 liu.
3646 4648 3716 4692 in.
3759 4645 3801 4692 G

614 4737 809 4771 auxona
847 4725 907 4782 B,
949 4741 1142 4776 anxona
1181 4730 1221 4775 Z
1497 4729 1597 4778 462
1638 4731 1801 4777 Gallos
1840 4731 2118 4791 Belgasque
2156 4743 2391 4788 anonym.
2434 4730 2570 4789 apud
2610 4730 2951 4777 Putmcmnum
2986 4731 3127 4790 υοὶρο
3386 4733 3513 4777 fines
3550 4731 3713 4791 codd.,
3756 4733 3873 4779 finis

616 4808 928 4860 Pulmannus
1153 4814 1253 4863 463
1293 4818 1579 4863 santonicus
1617 4817 1675 4878 G,
1719 4817 1984 4863 xantonico
2023 4812 2085 4863 λ*
2312 4817 2533 4876 profluus
2571 4815 2710 4864 codd.
2752 4830 2874 4865 corr.
2920 4815 3080 4877 Luyd.
3319 4817 3418 4865 464
3456 4818 3697 4865 concedes
3736 4817 3868 4867 θοαὶ.

614 4896 756 4956 volyo
989 4901 1170 4948 durani
1208 4900 1235 4950 λ
1481 4902 1581 4950 465
1619 4908 1882 4964 postponat
1920 4900 1949 4951 λ
2177 4902 2381 4949 tandem
2420 4899 2465 4960 λ,
2510 4901 2721 4949 Tarnem
2759 4902 2925 4961 Luyd.
2968 4905 3108 4964 volqo
3350 4903 3450 4951 468
3490 4905 3688 4951 nomIne
3726 4903 3866 4952 codd.

615 4995 736 5030 corr.
783 4983 945 5044 Luyd.
1211 4988 1450 5036 tarbellus
1489 4986 1566 5050 λ’,
1610 4990 1868 5036 tarbellius
1906 4991 2017 5048 cet„
2062 4987 2369 5034 Tarbellicus
2407 4989 2677 5036 Ace-ursina
2937 4995 3148 5036 aturnus
3192 4989 3232 5033 Z
3499 4990 3569 5036 ibi
3605 4995 3803 5036 aturrus
3840 4987 3868 5037 λ

620 5067 664 5124 (c
697 5082 755 5114 ex
792 5070 827 5128 t)
1077 5071 1177 5120 469
1214 5076 1438 5134 corniger
1472 5077 1592 5122 mai.
1633 5076 1726 5123 litt.
1771 5077 1838 5122 in.
1889 5073 1935 5118 (a
2175 5074 2471 5121 celebranda
2509 5071 2586 5122 G).
2832 5075 3032 5122 mosella
3067 5088 3105 5142 p
3142 5089 3246 5122 oras
3283 5076 3327 5122 Β
3370 5077 3443 5137 (in
3476 5073 3626 5136 raa),
3665 5076 3869 5123 moselle

619 5166 705 5214 per
739 5155 880 5203 horas
922 5159 962 5204 Z
1257 5160 1357 5208 470
1395 5163 1688 5224 celebrande
1727 5159 1768 5204 G
1812 5162 1857 5221 (e
1894 5161 2063 5220 corn),
2108 5161 2400 5207 celebranda
2439 5158 2467 5208 λ
2766 5175 2983 5223 superno
3026 5161 3068 5208 G
3363 5160 3452 5208 471
3500 5161 3787 5208 taurinthes
3829 5161 3869 5207 Z

616 5239 713 5290 472
751 5256 949 5303 quaque
985 5245 1149 5306 codd„
1190 5261 1349 5307 quave
1387 5248 1632 5307 Boeckae‘nq
1911 5246 2103 5309 placido
2141 5245 2202 5295 λ*
2483 5246 2583 5294 473
2620 5249 2860 5307 portubus
2898 5248 3188 5295 Basilianis
3221 5249 3362 5306 volyo
3627 5247 3791 5296 hostia
3833 5248 3872 5292 Z

620 5327 668 5386 (h
695 5329 838 5389 ems.)
1055 5333 1209 5380 soluis
1250 5335 1290 5379 Z
1322 5335 1363 5394 (s
1384 5350 1461 5394 pr.
1494 5337 1548 5381 in
1571 5335 1691 5394 raa.)
1908 5334 2007 5383 474
2045 5334 2184 5381 ualet
2227 5334 2266 5378 Z
2475 5331 2573 5380 475
2612 5335 2653 5380 si
2692 5335 2836 5394 quis*
2883 5334 2992 5393 (om.
3025 5336 3077 5380 in
3101 5334 3193 5394 his)
3241 5334 3283 5379 B
3492 5332 3592 5382 479
3629 5333 3787 5381 drima
3826 5335 3871 5379 Β

613 5411 713 5463 480
756 5395 1018 5478 a¹pinique
1057 5420 1097 5465 Z
1340 5420 1438 5468 483
1476 5434 1571 5469 om.
1616 5419 1644 5469 λ
1889 5433 2131 5480 garonnae
2170 5420 2230 5478 G,
2271 5432 2496 5480 garunna
2537 5419 2628 5464 ΒΖ
2860 5418 3043 5480 Explic
3078 5420 3269 5467 Decimi
3309 5420 3474 5478 Magni
3512 5420 3725 5467 Ausonii
3764 5419 3869 5465 Mo-

619 5501 742 5547 sella
786 5503 846 5560 G,
887 5502 1029 5565 Expl
1062 5504 1273 5552 Mosella
1310 5506 1370 5566 B,
1413 5507 1638 5569 Explicit
1674 5506 1911 5565 Moysella
1948 5507 2164 5553 Ausonii
2203 5502 2231 5552 λ
2444 5506 2630 5552 Deficit
2666 5506 2914 5565 reliquum
2952 5505 3183 5552 Mosellae
3230 5504 3348 5564 U9.;
3393 5508 3447 5551 in
3481 5504 3643 5552 codice
3688 5504 3868 5553 Vindo-

616 5584 837 5646 bonensi,
892 5588 951 5635 de
988 5603 1081 5650 quo
1117 5605 1269 5652 supra
1306 5592 1555 5651 diximus,
1606 5607 1761 5640 manu
1796 5593 1898 5640 alia
1941 5591 2169 5652 (fortasse
2210 5590 2426 5638 Conradi
2466 5592 2632 5652 Celtis)
2676 5591 2791 5638 haec
2828 5597 2942 5638 eunt
2978 5590 3253 5650 adscripta:
3309 5591 3436 5637 Eius
3472 5592 3708 5638 carminis
3745 5592 3869 5638 ulti-

619 5686 729 5719 mus
767 5687 945 5722 uersus
982 5678 1030 5724 is
1065 5683 1140 5724 est
1179 5679 1427 5726 Amnibus
1464 5693 1681 5740 equoreq
1721 5685 1770 5725 te
1806 5679 2154 5727 commendabo
2192 5678 2446 5739 Garumna

767 5860 1015 5901 Avsomvs.
3388 5865 3446 5912 13
