4630 6435
1947 445 2408 500 PROOEMWM.
3543 450 3792 526 XXXV

538 688 843 733 Moxxun
911 670 977 734 in
1046 671 1254 735 lucem
1316 670 1606 750 emissiS,
1682 690 1753 735 se
1812 670 2144 753 accepisse
2204 677 2475 736 testatur
2534 671 2972 753 Mariangelus
3031 674 3460 737 Accursius.
3555 674 3791 738 etenim

536 812 602 875 p.
657 794 773 871 75,
850 790 960 856 ubi
1027 789 1108 855 de
1166 789 1537 855 Precatione
1605 790 1919 855 matutina
1987 791 2135 873 (IIII
2183 794 2239 871 3)
2309 791 2509 856 verba
2569 791 2755 873 facit,
2831 792 2990 857 haec
3047 791 3232 857 dicit:
3314 793 3420 857 ‘In
3478 793 3793 875 particula

538 918 754 976 tamen
823 931 1015 975 manu
1085 910 1307 993 scripti
1374 910 1794 994 exemplaris,
1872 930 2065 992 quam
2132 930 2332 995 penes
2390 911 2848 996 Hieronymum
2909 912 3304 978 Aleandrum
3373 931 3517 978 esse
3575 913 3793 978 testati

535 1051 778 1111 sumus,
833 1031 1143 1095 Paulinus
1188 1031 1563 1115 Episcopus,
1620 1051 1745 1095 non
1793 1031 2116 1096 Ausonius
2166 1032 2305 1097 eius
2352 1033 2582 1097 author
2623 1032 3041 1099 inscribitur‘.
3121 1053 3199 1098 ac
3244 1034 3438 1117 paulo
3484 1039 3652 1113 ante,
3707 1033 3793 1131 ad

535 1172 723 1234 quem
771 1153 978 1216 locum
1025 1152 1164 1235 ipse
1210 1172 1276 1235 p.
1329 1156 1408 1214 75
1455 1158 1716 1216 revocat
1758 1151 2074 1233 legentes,
2126 1173 2190 1235 p.
2245 1155 2326 1216 58
2374 1152 2536 1217 haec
2580 1154 2912 1234 leguntur:
2980 1154 3317 1219 ‘Ceterum
3362 1154 3431 1217 in
3475 1154 3794 1237 perveteri

441 1328 451 1337 ,
537 1272 776 1338 codicis
842 1272 1233 1355 fragmentO,
1311 1270 1419 1353 qui
1486 1290 1684 1354 penes
1740 1270 2199 1355 Hieronymum
2260 1272 2660 1336 Aleandrum
2729 1279 2856 1351 est,
2933 1293 3057 1337 uon
3125 1294 3206 1338 ea
3272 1275 3476 1339 solum
3543 1273 3791 1338 inveni-

537 1412 678 1457 mus
715 1443 728 1456 .
773 1444 786 1456 .
830 1443 843 1455 .
887 1443 926 1472 .,
981 1411 1203 1458 verum
1249 1391 1443 1456 etiam
1488 1390 1921 1456 desideratam
1968 1392 2279 1456 hactenus
2325 1392 2394 1457 in
2437 1391 2645 1457 isdem
2687 1393 3148 1478 monosyllabis
3179 1394 3790 1478 praefatiunculam’

546 1513 821 1596 (XXVII
876 1516 958 1595 1).
1051 1511 1312 1593 tertius,
1381 1532 1506 1593 quo
1565 1510 1876 1576 Aleandri
1935 1512 2174 1577 mentio
2230 1513 2334 1593 fit,
2401 1513 2580 1577 locus
2643 1520 2822 1578 extat
2880 1536 2943 1598 p.
3005 1519 3121 1578 110
3192 1516 3540 1597 ‘Pleraque
3597 1514 3794 1597 igitur

535 1634 879 1717 opuscula,
957 1652 1123 1714 quae
1183 1632 1457 1714 Virgilio
1520 1632 1991 1716 conspiratione
2049 1633 2329 1697 omnium
2389 1633 2818 1715 ascribuntur,
2889 1635 3288 1719 epigramma
3347 1635 3653 1700 videlicet
3709 1634 3790 1699 de

538 1753 873 1819 Aetatibus
932 1752 1339 1831 animalium,
1411 1752 1524 1817 Vir
1582 1753 1813 1835 bonuS,
1877 1754 1995 1817 Est
2051 1760 2115 1818 et
2176 1773 2298 1817 non
2353 1804 2365 1817 .
2410 1804 2423 1817 .
2468 1804 2481 1816 .
2534 1754 2802 1819 Ausonii
2857 1755 3037 1820 lusus
3098 1774 3272 1835 esse,
3350 1776 3477 1820 non
3536 1755 3791 1837 Virgilii

537 1874 897 1955 fragmenta
955 1871 1271 1954 quaedam
1320 1872 1883 1955 Longobardorum
1945 1873 2330 1956 quandoque
2390 1873 2868 1939 characteribus
2929 1874 3121 1940 fidem
3168 1875 3431 1940 faciunt.
3523 1895 3790 1957 quorum

535 1992 952 2077 inspiciendi,
1024 1991 1139 2057 sed
1199 1998 1264 2057 et
1321 1991 1699 2075 invulgandi
1761 1993 2260 2078 publicandique
2321 1993 2476 2058 mihi
2524 1993 2896 2058 facultatem
2944 1993 3100 2060 fecit
3144 1996 3571 2079 Hieronymus
3618 1994 3790 2060 idem

535 2113 910 2194 Aleander’,
976 2133 1105 2196 quo
1164 2132 1242 2178 ex
1305 2113 1445 2177 loco
1504 2112 1780 2196 adparet
1831 2114 1895 2177 in
1943 2114 2322 2179 Sannazarii
2383 2114 2640 2179 sche‘dis
2701 2115 2894 2179 etiam
2956 2114 3037 2180 de
3094 2121 3307 2181 aetate
3368 2125 3434 2181 et
3477 2116 3794 2200 scriptura

538 2233 991 2315 Lugdunensis
1035 2232 1356 2315 quaedam
1401 2232 1639 2297 tradita
1682 2232 1906 2297 fuisse.

710 2354 889 2431 Quae
951 2353 1288 2418 Accursius
1346 2373 1427 2417 ex
1489 2351 1746 2417 schedis
1806 2353 1889 2416 ab
1948 2352 2275 2418 Aleandro
2339 2374 2552 2419 secum
2615 2355 3096 2420 communicatis
3155 2357 3419 2441 protulit
3474 2376 3617 2422 cum
3678 2378 3793 2421 ex-

538 2475 775 2560 cerptis
821 2473 1425 2539 Vindobonensibus
1480 2472 1572 2536 ita
1630 2473 2068 2555 consentiunt,
2136 2480 2206 2538 ut
2257 2495 2339 2539 ex
2385 2475 2702 2540 communi
2746 2476 2919 2540 fonte
2966 2484 3304 2557 utrumque
3348 2476 3790 2561 apographum

535 2596 802 2661 fluxisse
853 2594 1043 2660 facile
1087 2594 1523 2675 intellegatur.
1621 2592 1922 2676 leguntur
1967 2593 2134 2658 enim
2182 2594 2357 2678 apud
2401 2615 2547 2659 eum
2596 2615 2852 2660 carmen
2898 2596 3062 2661 illud
3107 2597 3455 2677 insulsum,
3511 2597 3682 2679 quod
3725 2597 3793 2661 in

537 2716 858 2802 excerptis
904 2713 1515 2780 Vindobonensibus
1560 2713 1834 2797 primum
1880 2714 2091 2779 locum
2136 2714 2411 2793 obtinet,
2483 2735 2870 2798 quamquam
2917 2717 3185 2782 Ausonii
3229 2718 3493 2782 iunioris
3537 2718 3793 2783 nomine

535 2858 661 2901 non
719 2836 940 2901 addito
1000 2841 1065 2900 et
1123 2834 1378 2899 omissis
1424 2855 1529 2899 vv.
1583 2835 1648 2897 11
1694 2837 1936 2914 9-12‚
2004 2854 2164 2916 quos
2226 2841 2340 2900 aut
2394 2856 2519 2901 nou
2567 2836 2812 2902 invenit
2856 2837 2921 2901 in
2968 2837 3226 2903 schedis
3270 2845 3383 2903 aut
3425 2844 3495 2902 ut
3537 2839 3792 2923 ineptos

536 2956 828 3035 seclusit,
902 2963 966 3022 et
1010 2962 1224 3020 cetera
1267 2961 1520 3038 praeter
1564 2955 1752 3018 XVII
1800 2958 1916 3033 29,
1970 2955 2444 3039 Pythagoricon
2497 2956 2900 3039 (XXVIHI),
2956 2978 3015 3023 e.
3067 2961 3148 3022 49
3196 2964 3261 3022 et
3306 2963 3417 3037 50,
3473 2978 3637 3041 quae
3682 2965 3794 3025 aut

539 3079 838 3161 neglecta
904 3082 1053 3140 sunt
1118 3077 1201 3140 ab
1270 3095 1346 3140 eo
1411 3081 1523 3139 aut
1589 3074 1656 3138 in
1723 3073 1980 3139 schedis
2048 3096 2175 3140 non
2242 3076 2573 3141 extabant.
2674 3084 2955 3143 ceterum
3015 3077 3203 3142 modo
3254 3077 3544 3143 Accursii
3604 3077 3793 3143 modo

536 3197 1030 3265 vindobonense
1098 3195 1545 3280 apographum
1615 3194 1977 3260 accuratius
2036 3202 2331 3262 enotatas
2389 3196 2587 3263 habet
2648 3198 3101 3282 Lugdunensis
3162 3198 3544 3283 scripturas*⁷
3621 3197 3792 3264 unde

533 3341 659 3403 quo
716 3318 904 3384 modo
962 3315 1355 3401 depravatae
1417 3315 1544 3381 sint
1588 3316 1967 3381 Sannazarii
2028 3317 2378 3383 schedulae
2435 3319 2519 3384 ab
2563 3319 2692 3398 eis,
2762 3319 2873 3401 qui
2915 3320 3065 3384 illas
3110 3319 3618 3404 descripserunt,
3685 3340 3792 3384 co-

532 3440 880 3523 gnoscitur.
974 3436 1418 3502 immutavisse
1476 3442 1688 3501 autem
1736 3437 2112 3502 Aceursium
2170 3438 2381 3521 ipsum
2437 3439 2560 3504 hue
2604 3440 2760 3504 illuc
2807 3439 3228 3523 exemplaris,
3297 3460 3420 3522 quo
3466 3440 3782 3521 utebatur,

535 3560 916 3645 scripturam
952 3579 1033 3624 ex
1057 3558 1171 3638 eis,
1213 3577 1381 3640 quae
1404 3556 1484 3622 de
1508 3558 1712 3622 altero
1736 3556 2045 3622 Aleandri
2071 3557 2453 3623 schedarum
2479 3560 2850 3644 apographo
2874 3579 3285 3644 exponemuS,
3327 3560 3784 3644 adparebitffl).

709 3680 1085 3744 Continetur
1130 3678 1198 3743 id
1242 3677 1680 3762 apographum
1729 3678 2084 3761 exemplari
2128 3677 2429 3742 editionis
2476 3679 2853 3759 Iuntinae,
2921 3679 3118 3761 quod,
3186 3700 3330 3745 cum
3377 3682 3619 3745 Romae
3664 3702 3785 3765 pu-
3811 3664 4038 3753 ῗιῗξίἲὲἑζ

537 3801 701 3866 blico
746 3799 1046 3884 praeconi
1091 3798 1446 3865 subiectum
1492 3804 1697 3878 esset,
1758 3798 1826 3862 in
1871 3798 2262 3880 Truebneri,
2317 3798 2705 3883 bibliopolae
2750 3800 3349 3883 Argentoratensis,
3404 3807 3595 3882 atque
3637 3799 3790 3865 inde

533 3922 600 3985 in
657 3940 839 3985 meas
896 3940 1126 3986 manus
1184 3918 1499 4003 pervenit.
1592 3918 1850 3984 adiecta
1911 3925 2058 3983 sunt
2110 3919 2255 3983 huic
2300 3919 2660 4003 exemplari
2706 3919 2861 3985 folia
2903 3920 3148 4002 aliquot
3193 3921 3564 4000 chartacea⁷
3633 3941 3792 4004 quo-

709 4112 794 4172 28)
835 4114 1107 4161 Accursius
1156 4113 1357 4173 saepius
1406 4116 1602 4172 praeter
1638 4111 2029 4170 Lugdunensem
2077 4114 2386 4172 exemplaria
2433 4127 2585 4160 manu
2635 4114 2817 4174 scripta
2854 4119 3054 4160 vetusta
3089 4116 3493 4162 commemoravit
3528 4120 3579 4160 et
3615 4128 3678 4161 ex
3717 4116 3791 4161 eis

537 4200 804 4259 scripturas
842 4200 1082 4260 quasdam
1121 4198 1346 4259 protulit.
1424 4203 1575 4257 atque
1612 4211 1760 4243 usum
1801 4210 1910 4245 esse
1948 4210 2065 4245 eum
2103 4199 2442 4245 Laurentiano
2480 4198 2566 4260 33,
2609 4198 2671 4248 19
2708 4198 2827 4246 inde
2862 4199 3098 4259 adparet,
3150 4201 3284 4260 qnod
3320 4200 3375 4247 in
3411 4200 3492 4247 his
3529 4201 3791 4261 scripturis

538 4290 659 4332 sunt
696 4285 951 4345 quaedam,
994 4297 1122 4345 quae
1159 4285 1213 4330 in
1250 4284 1373 4331 libro
1409 4283 1498 4331 illo
1535 4284 1639 4330 solo
1676 4283 1930 4343 leguntur,
1973 4283 2133 4330 veluti
2173 4298 2219 4332 e.
2260 4284 2313 4345 4,
2354 4283 2384 4331 2
2426 4282 2636 4344 ‘laeto',
2687 4285 2858 4332 XXVI
2900 4284 2947 4346 1,
2993 4283 3050 4332 17
3094 4286 3606 4348 ‘condemnationis'3
3666 4287 3790 4334 aliae

537 4370 693 4418 veluti
747 4371 1153 4431 supplementum
1203 4368 1331 4416 illud
1370 4369 1598 4416 XXVIII
1638 4367 1689 4429 2,
1729 4369 1794 4417 42
1848 4369 2144 4431 ‘qualisque
2180 4370 2363 4417 videri’
2412 4384 2513 4418 non
2561 4372 2720 4418 solum
2767 4372 2821 4417 in
2858 4372 3221 4432 Laurentiano,
3272 4370 3367 4419 sed'
3405 4373 3554 4419 etiam
3592 4373 3646 4418 in
3681 4372 3792 4418 aliis

537 4457 680 4503 libris
715 4457 1069 4504 inveniuntur.
1143 4460 1338 4515 praeter
1375 4456 1771 4502 Laurentianum
1811 4457 1963 4502 etiam
2001 4460 2352 4517 excerptorum
2388 4458 2606 4504 codicem
2647 4458 2793 4504 talem
2815 4495 2828 4519 ,
2881 4458 3053 4517 quales
3091 4464 3212 4505 sunt
3247 4457 3658 4518 Guelferbytani‚
3700 4457 3791 4503 ad-

533 4542 759 4588 hibuisse
798 4540 997 4588 videtur
1034 4541 1331 4602 Accursius,
1386 4542 1610 4588 conferas
1647 4540 1878 4588 XXVIII
1919 4541 1964 4601 1,
2009 4539 2067 4590 31
2117 4542 2400 4603 ‘turturis'3
2454 4542 2661 4589 XXIIII
2700 4542 2751 4602 2,
2793 4542 2856 4590 73
2898 4542 3262 4604 ‘lucentibus’,
3303 4544 3433 4604 quod
3470 4545 3618 4590 etiam
3656 4543 3792 4590 facili

537 4628 819 4676 coniectura
855 4628 1148 4675 Aceursium
1187 4629 1450 4675 restituere
1486 4628 1712 4689 potuisse
1749 4641 1849 4675 non
1888 4641 2030 4689 nego,
2074 4634 2153 4675 est
2188 4628 2242 4675 in
2279 4628 2673 4687 Guelferbytano
2709 4631 2899 4691 priore3
2947 4629 3229 4693 ‘pervenit‘
3268 4630 3439 4677 XXVI
3482 4629 3530 4691 1,
3558 4628 3589 4676 9
3626 4636 3703 4677 est
3738 4631 3791 4677 in

534 4715 808 4762 Barberino
835 4712 952 4764 815.
1020 4727 1315 4774 quamquam
1356 4727 1419 4760 ne
1454 4715 1658 4761 nimiam
1698 4715 1849 4761 fldem
1887 4715 2168 4762 tribuamus
2193 4716 2450 4776 Accursio‚
2492 4729 2641 4776 quam
2681 4717 2900 4763 maxime
2937 4715 3212 4763 cavendum
3249 4721 3343 4763 est.
3408 4729 3522 4762 nam
3548 4716 3792 4775 scrIptura

542 4799 636 4848 ‘ad
674 4795 859 4858 arces’‚
906 4813 1054 4860 quam
1105 4799 1163 4845 ad
1203 4798 1264 4845 E.
1307 4798 1510 4846 XVIIII
1549 4798 1614 4846 34
1649 4800 1860 4860 protulit
1896 4801 2060 4846 verbis
2100 4801 2280 4848 ‘vetus
2318 4800 2493 4848 lectio'
2532 4800 2776 4862 adiectis,
2826 4806 2904 4848 est
2939 4802 2994 4849 in
3029 4801 3227 4849 Veneta
3263 4817 3305 4849 a.
3353 4800 3501 4849 1494.
3579 4801 3710 4861 quod
3747 4801 3790 4846 si

530 4887 591 4933 ad
629 4900 677 4934 e.
718 4886 768 4946 3,
809 4885 862 4946 6,
900 4886 986 4946 qui
1024 4898 1201 4933 versus
1238 4886 1503 4933 intercidit
1538 4886 1590 4932 in
1628 4886 1805 4945 Ebria,
1851 4885 1974 4933 dicit
2007 4887 2065 4933 in
2104 4886 2466 4934 vetustioribus
2503 4888 2803 4947 quibusdam
2842 4887 3213 4948 exemplaribus
3249 4887 3461 4933 alterum
3500 4886 3670 4934 haberi
3708 4886 3789 4932 in·

531 4972 753 5019 dicatum
792 4973 890 5018 sibi
928 4985 1071 5018 esse:
1126 4971 1429 5029 ‘Quaeritur
1467 4975 1518 5017 et
1553 4970 1683 5018 fallit
1721 4972 1913 5017 lumina
1950 4971 2094 5032 plaga
2130 4969 2353 5033 recens',
2403 4973 2549 5019 verbo
2603 4971 2872 5019 ‘alterum'
2911 4985 3058 5032 eum,
3110 4973 3196 5032 qui
3245 4973 3297 5017 in
3332 4971 3532 5018 Veneta
3568 4986 3614 5018 a.
3660 4969 3787 5017 1507

531 5058 717 5116 legitur
758 5055 924 5113 ‘Quas
962 5058 1092 5105 ferat
1126 5071 1155 5104 a
1191 5058 1339 5104 celeri
1378 5057 1583 5104 vulnere
1621 5056 1797 5103 dextra
1836 5054 2055 5118 valens’,
2094 5058 2402 5116 significans,
2444 5071 2502 5104 ea
2538 5071 2589 5104 re
2626 5071 2804 5116 magna
2838 5058 2899 5104 de
2925 5059 3036 5105 eius
3062 5057 3157 5103 fide
3182 5057 3402 5116 auspicio
3427 5062 3670 5104 movetur.
3737 5071 3792 5102 ac

534 5145 857 5191 confirmatur
892 5156 950 5190 ea
988 5143 1087 5206 his,
1126 5156 1254 5203 quae
1290 5143 1351 5188 de
1388 5155 1435 5191 e.
1477 5141 1507 5190 2
1545 5142 1762 5191 rettulit.
1834 5144 1977 5190 cuius
2016 5157 2127 5190 cum
2165 5145 2217 5190 in
2256 5159 2298 5191 ω
2340 5148 2538 5190 tantum
2576 5157 2656 5193 vv,
2701 5143 2836 5192 6-8
2872 5145 3179 5204 legerentur,
3222 5145 3467 5191 Avantius
3503 5144 3558 5190 in
3598 5144 3791 5189 Veneta

529 5246 574 5279 a.
610 5229 738 5278 1507
779 5230 914 5277 hunc
951 5229 1156 5277 adiecit:
1208 5229 1412 5276 ‘Nostra
1448 5229 1601 5275 simul
1627 5234 1819 5276 certant
1846 5230 1996 5276 variis
2025 5230 2382 5290 epigrammata
2407 5231 2598 5291 nugis',
2639 5231 2910 5279 Accursius
2947 5243 3062 5277 vero
3098 5229 3218 5277 haec
3255 5229 3537 5277 adnotavit:
3582 5231 3671 5276 ‘In
3709 5244 3790 5276 se-

529 5316 694 5364 eundo
741 5316 1096 5377 epigrammate
1144 5315 1230 5362 diu
1281 5328 1455 5362 versus
1505 5316 1590 5361 hic
1636 5314 1947 5363 desideratus
1996 5315 2314 5362 creditur:
2372 5316 2466 5363 Est
2501 5316 2636 5362 iocus
2673 5317 2725 5363 in
2765 5318 2976 5376 nostris,
3028 5320 3150 5363 sunt
3186 5317 3315 5363 seria
3353 5316 3510 5362 multa
3545 5312 3785 5363 libellis'.

530 5411 806 5463 utrumque
850 5402 1008 5461 igitur
1057 5415 1257 5449 versum
1306 5403 1366 5449 ab
1403 5401 1641 5449 Accursio
1688 5402 1953 5449 confictum
2005 5415 2115 5448 esse
2164 5403 2410 5462 suspicari
2455 5403 2593 5449 licet.
2669 5403 2723 5449 in
2760 5402 3010 5464 periochis
3046 5401 3326 5464 apographo
3361 5401 3540 5448 codicis
3577 5401 3790 5448 Parisini

529 5487 666 5536 8500
706 5502 829 5536 usus
875 5493 954 5535 est
1001 5488 1301 5536 accuratiore
1349 5500 1437 5548 eo,
1489 5486 1620 5548 quod
1666 5489 1860 5548 accepit
1898 5488 2141 5546 Vgoletus
2191 5503 2220 5536 a
2256 5489 2525 5550 BerneriO,
2581 5489 2667 5536 sed
2713 5503 2740 5534 a
2790 5487 2930 5536 docto
2979 5488 3179 5536 homine
3224 5489 3343 5536 hinc
3378 5489 3518 5536 illinc
3554 5491 3786 5535 correcto.

532 5588 833 5636 quamquam
871 5588 993 5621 num
1031 5588 1229 5634 omnes,
1281 5587 1403 5635 quas
1438 5575 1651 5635 protulit
1689 5576 1987 5636 Accursius,
2041 5575 2317 5634 scripturae
2356 5588 2409 5622 re
2446 5588 2561 5622 vera
2597 5575 2649 5621 in
2687 5575 2773 5622 illo
2809 5575 3032 5635 suerint,
3081 5574 3312 5622 dubitare
3349 5575 3485 5623 licet.
3560 5587 3788 5633 magnam

527 5662 667 5709 enim
704 5661 813 5708 veri
851 5660 1067 5721 speciem
1103 5660 1254 5707 habet
1289 5661 1588 5708 Aceursium
1628 5660 1781 5708 etiam
1818 5675 1918 5720 eas,
1962 5675 2084 5722 quas
2121 5662 2232 5722 ipse
2268 5662 2653 5720 excogitaverat,
2695 5662 3002 5709 coniecturas
3039 5675 3128 5722 pro
3163 5661 3349 5710 codicis
3374 5663 3636 5722 scripturis
3662 5674 3786 5707 ven-

528 5748 769 5795 ditaviase
814 5748 896 5806 (ci'.
940 5746 1132 5808 Peiper.
1175 5745 1273 5794 352
1300 5748 1418 5807 sq.).

3306 5849 3376 5897 uh·
