4630 6435
810 445 897 508 VI
1922 422 1932 437 '
2202 444 2658 499 Pnoomnvm.

809 665 1244 749 Boecking‘ius
1299 668 1381 750 (in
1431 667 1741 732 Mosellae
1788 668 1893 733 ed.
1929 667 2041 733 alt.
2087 689 2149 752 p.
2191 672 2324 748 61),
2376 667 2547 750 quod
2594 667 2833 732 librarii
2881 688 2981 748 ea,
3034 687 3200 749 quae
3247 666 3328 731 de
3375 674 3556 750 patre
3601 685 3717 731 suo
3762 666 4062 731 medendi

804 788 1192 873 peritissimo
1251 787 1393 871 ipse
1450 787 1786 853 rettulerat
1843 787 2164 853 Ausonius
2229 788 2341 869 (XI
2389 789 2448 869 2,
2510 792 2620 861 11;
2675 786 2797 851 XV
2842 791 2903 869 3,
2966 791 3040 851 13
3073 790 3240 869 sq.},
3307 793 3547 853 temere
3603 786 4065 852 transtulerunt

801 908 867 974 in
925 908 1277 973 Ausonium
1340 907 1564 972 filium.
1675 908 1856 973 cuius
1918 908 2009 973 rei
2068 909 2397 973 luculenta
2458 915 2606 973 sunt
2663 906 3031 973 testimonia
3085 906 3416 991 inscriptio
3476 907 3714 973 codicis
3772 907 4062 972 Perusini

800 1031 841 1094 J
896 1033 1015 1092 162
1078 1028 1408 1110 (‘Ausonii
1457 1028 1836 1111 burdigalae
1882 1028 2165 1093 Sassatis
2209 1028 2443 1093 medici
2490 1049 2568 1093 ac
2615 1029 2895 1113 poetae')
2950 1035 3143 1112 atque
3198 1048 3311 1108 ea,
3377 1048 3542 1112 quae
3587 1028 3652 1093 in
3699 1028 4062 1093 Gratiarum

801 1150 1071 1215 actionis
1130 1149 1337 1215 fronte
1392 1150 1691 1233 leguntur
1735 1149 1801 1213 in
1847 1149 2027 1214 libris
2073 1148 2480 1230 quibusdam.
2579 1149 2842 1213 Paeonii
2897 1155 3112 1213 autem
3158 1148 3226 1212 in
3272 1148 3491 1214 codice
3537 1150 3846 1215 Vaticano
3893 1151 4061 1213 3152

804 1278 1163 1356 corruptum
1211 1277 1311 1336 est
1352 1270 1420 1335 in
1466 1268 1812 1354 Ponponii,
1867 1269 1934 1333 in
1979 1269 2194 1350 libris,
2256 1269 2488 1351 quibus
2536 1276 2842 1354 excerpta
2885 1269 3288 1336 continentur
3331 1290 3411 1335 ex
3458 1269 3808 1335 carminum
3855 1271 4063 1336 Auso-

802 1392 1442 1476 nianorum‘corpore
1490 1388 1816 1456 codicibus
1863 1390 2319 1456 recentioribus
2367 1390 2621 1473 tradite,
2683 1390 2881 1455 veluti
2928 1390 3251 1455 Marciano
3305 1390 3436 1472 (lat.
3492 1391 3572 1455 cl.
3625 1391 3754 1455 XII
3801 1391 3943 1457 cod.
3995 1395 4053 1475 8)

803 1520 868 1578 et
912 1512 1477 1597 Guelferbytanis,
1530 1511 1597 1575 in
1643 1510 1946 1591 Theonii,
2016 1510 2187 1593 quod
2231 1510 2373 1576 sine
2419 1510 2614 1576 dubio
2661 1517 2879 1576 natum
2926 1519 3027 1577 est
3071 1531 3151 1576 ex
3198 1511 3598 1591 coniectura,
3666 1532 3795 1593 qua
3838 1512 4064 1577 Teonii

805 1653 918 1717 pro
964 1633 1184 1698 Peonii
1248 1653 1444 1717 prave
1507 1631 1812 1716 scriptum
1877 1631 2194 1714 corrigere
2252 1638 2520 1696 conatus
2580 1638 2679 1697 est
2737 1630 3074 1709 librariuS,
3142 1630 3418 1713 denique
3464 1631 3520 1696 si
3567 1631 3826 1698 Bartbio
3872 1632 4062 1697 fidem

802 1754 1041 1819 habere
1108 1754 1261 1819 licet
1316 1752 1416 1835 (ad
1462 1753 1624 1818 Stat.
1678 1751 1884 1816 Theb.
1936 1751 2033 1815 III
2080 1755 2265 1835 436),
2341 1751 2407 1815 in
2475 1752 2637 1817 libro
2705 1751 3023 1835 quodam,
3096 1751 3164 1815 in
3229 1770 3354 1833 quo
3419 1751 3670 1817 inerant
3735 1752 4062 1818 Fortunati

801 1873 1196 1957 Ausoniique
1264 1873 1617 1957 quaedam,
1692 1873 1757 1937 in
1804 1871 2120 1937 Praeonii.
2217 1871 2387 1937 unde
2456 1872 2582 1937 iam
2653 1878 2835 1957 patet
2898 1892 3021 1936 non
3090 1871 3329 1937 habere
3395 1892 3522 1955 quo
3590 1873 4066 1939 commendetur

802 1994 1144 2059 Brandesii
1211 1993 1639 2060 coniecturam
1699 1998 1781 2078 (p.
1839 1997 1980 2073 12),
2056 2013 2185 2076 qua
2249 1993 2307 2058 is
2377 1999 2441 2059 et
2499 1992 2763 2058 Paeonii
2831 1999 2896 2058 et
2953 1992 3225 2058 Theonii
3295 2013 3375 2058 ex
3433 1994 3660 2059 Aeonii
3721 2001 3860 2059 orta
3917 2014 4063 2060 esse

807 2115 1169 2200 suspicatus
1228 2120 1358 2195 est,
1423 2113 1592 2197 quod
1651 2133 1881 2179 nomen
1933 2115 2017 2179 ab
2061 2112 2342 2178 Aemilia
2385 2112 2633 2178 Aeonia
2677 2119 2880 2178 matre
2924 2119 3180 2197 poetam
3227 2113 3456 2180 eodem
3503 2114 3691 2179 modo
3737 2115 4064 2198 accepisse

807 2235 1078 2320 putabat
1120 2255 1245 2318 quo
1291 2233 1509 2317 Magni
1557 2254 1908 2317 cognomen
1952 2234 2036 2298 ab
2081 2232 2358 2298 Aemilio
2404 2233 2638 2316 Magno
2683 2233 2950 2298 Arborio
2994 2234 3313 2299 avunculo
3334 2236 3409 2316 ³).

977 2356 1187 2420 Natus
1248 2361 1348 2420 est
1390 2354 1712 2420 Ausonius
1758 2352 2151 2437 Burdigalae
2209 2374 2291 2419 ex
2350 2360 2532 2438 patre
2577 2352 2741 2418 Iulio
2787 2352 3074 2418 Ausonio
3134 2359 3200 2419 et
3249 2361 3452 2420 matre
3498 2354 3776 2420 Aemilia
3819 2355 4066 2420 Aeonia

817 2477 935 2559 (III
982 2479 1055 2551 73
1109 2475 1363 2539 XVIIII
1416 2478 1568 2553 1293
1623 2475 1742 2539 XV
1790 2478 1853 2538 3.
1906 2476 1995 2557 4).
2091 2494 2217 2557 quo
2264 2480 2482 2539 autem
2527 2495 2694 2540 anno
2739 2474 2804 2539 in
2852 2475 3060 2540 lucem
3107 2473 3316 2540 editus
3363 2475 3473 2555 sit,
3542 2496 3683 2541 cum
3731 2483 3907 2542 certa
3949 2475 4064 2541 de-

807 2597 935 2662 sint
976 2596 1238 2677 indicia,
1293 2595 1659 2661 coniectura
1687 2601 1933 2661 tantum
1967 2595 2163 2661 statui
2192 2601 2423 2679 potest,
2477 2614 2555 2660 ea
2594 2601 2810 2661 tamen
2841 2594 2934 2660 ita
2963 2602 3353 2680 comparata,
3407 2604 3477 2662 ut
3508 2597 3621 2677 eis,
3676 2618 3843 2681 quae
3875 2607 4067 2683 poeta

806 2717 947 2802 ipse
992 2716 1074 2781 de
1120 2735 1192 2782 se
1233 2715 1530 2796 tradidit,
1600 2716 2031 2781 confirmetur.
2126 2722 2295 2782 recte
2341 2736 2492 2781 vcro
2538 2715 2646 2799 qui
2692 2715 2774 2781 de
2820 2735 2898 2781 ea
2941 2736 3011 2781 re
3056 2716 3549 2801 disputaverunt
3593 2719 4064 2802 procedendum

809 2858 953 2905 esse
999 2843 1383 2903 censuerunt
1423 2837 1490 2901 in
1536 2837 1659 2903 bac
1704 2837 2078 2920 quaestione
2124 2835 2533 2920 expedienda
2577 2836 2659 2901 ab
2692 2837 2856 2902 Iulio
2889 2837 3173 2903 Ausonio
3217 2845 3420 2921 patre,
3473 2838 3712 2923 quippe
3758 2839 3840 2905 de
3886 2839 4065 2905 cuius

807 2959 941 3024 vita
996 2958 1359 3025 accuratius
1416 2978 1533 3023 nos
1594 2957 1924 3023 edocuerit
1982 2957 2122 3042 ipse
2182 2956 2354 3022 filius
2423 2957 2537 3037 (XI
2583 2959 2657 3031 2;
2726 2957 2847 3021 XV
2894 2962 2984 3040 3).
3088 2958 3219 3022 iam
3279 2978 3405 3042 quo
3461 2980 3627 3025 anno
3689 2960 3744 3025 Is
3801 2967 4066 3026 mortem

808 3079 1071 3158 obierit,
1142 3078 1333 3145 facile
1391 3078 1792 3162 intellegitur
1851 3098 1931 3144 ex
1992 3078 2119 3160 eis,
2187 3096 2354 3160 quae
2403 3077 2710 3143 Decimus
2757 3077 2921 3145 dixit
2963 3079 3027 3143 in
3073 3078 3380 3162 Epicedio
3424 3080 3491 3145 in
3535 3087 3783 3165 patrem
3839 3083 3952 3162 [XI
3998 3084 4056 3164 2)

809 3222 870 3266 ν.
925 3204 992 3264 41
1037 3220 1134 3283 sq.

1429 3321 1746 3386 maximus
1789 3320 1877 3386 ad
1922 3340 2240 3386 summum
2287 3320 2580 3385 columen
2626 3320 2923 3404 pervenit
2968 3320 3315 3402 bonorum,

1603 3423 1965 3509 praefectus
2012 3423 2224 3488 Gallis
2268 3429 2336 3488 et
2380 3422 2625 3507 Libyae
2670 3430 2735 3489 et
2781 3423 2962 3489 Latio

808 3585 885 3630 ac
933 3563 1126 3648 paulo
1176 3569 1321 3648 post
1363 3583 1425 3627 ν.
1480 3567 1561 3626 45
1596 3581 1691 3644 sq.

1429 3700 1621 3766 buius
1667 3721 1789 3783 ego
1835 3708 1901 3766 et
1943 3706 2164 3766 natum
2211 3706 2276 3765 et
2319 3718 2624 3783 generum
2672 3720 2785 3784 pro
2831 3700 3095 3765 consule
3139 3699 3305 3764 vidi:

1603 3804 1825 3868 consul
1875 3809 1944 3869 ut
1985 3804 2126 3888 ipse
2171 3802 2367 3885 foret,
2422 3823 2575 3888 spes
2618 3803 2775 3867 mihi
2823 3809 2997 3869 certa
3041 3802 3181 3869 fuit.
3264 3823 3270 3830 ·

810 3942 1067 4008 functus
1110 3940 1306 4024 igitur
1350 3959 1426 4006 eo
1472 3948 1757 4025 tempore
1802 3941 1930 4005 iam
1977 3947 2116 4006 erat
2159 3940 2464 4005 Decimus
2509 3941 2913 4025 praefectura
2956 3940 3189 4008 Italiae
3237 3948 3302 4007 et
3345 3942 3627 4025 Africae,
3682 3944 4069 4027 fungebatur

809 4070 942 4127 tum
988 4061 1346 4126 Galliarum
1395 4061 1829 4145 praefectura,
1897 4081 2087 4143 quam
2134 4061 2340 4145 gessit
2380 4061 2568 4126 annis
2614 4078 3007 4126 cchxxvm
3055 4069 3119 4127 et
3163 4079 3584 4128 cccnxxvnu
3644 4064 3744 4146 (cf.
3797 4065 3952 4129 VIII
3997 4069 4058 4144 8,

810 4185 925 4260 22,
995 4180 1134 4247 cod.
1187 4181 1435 4247 Theod.
1487 4180 1641 4245 Vm
1690 4186 1763 4262 5,
1819 4184 1963 4263 35),
2029 4181 2446 4265 proconsules
2506 4180 2660 4247 facti
2720 4189 2903 4248 erant
2945 4182 3203 4248 Africae
3263 4183 3630 4267 provinciae
3690 4185 4057 4268 Hesperius,

809 4301 1059 4367 Decimi
1119 4301 1322 4385 filius,
1390 4301 1500 4384 qui
1560 4322 1703 4368 eam
1763 4301 2237 4368 administravit
2294 4301 2481 4366 annis
2528 4319 2866 4367 cccnxxw
2927 4310 2991 4367 et
3034 4321 3399 4367 cccnxxvn
3471 4304 3572 4387 (cf.
3625 4305 3764 4370 cod.
3816 4305 4062 4370 Theod.

809 4422 931 4488 XV
978 4426 1035 4504 7,
1093 4425 1168 4500 3;
1223 4422 1376 4487 XVI
1422 4429 1481 4502 5,
1537 4428 1606 4502 43
1661 4423 1692 4487 I
1744 4427 1842 4500 15,
1899 4425 1971 4486 8:
2033 4422 2188 4487 VIII
2237 4426 2295 4504 5,
2353 4423 2482 4504 34),
2553 4430 2617 4487 et
2661 4422 3082 4504 Thalassiu8‚
3152 4423 3399 4488 Decimi
3445 4445 3678 4507 gener,
3746 4425 3854 4509 qui
3899 4447 4068 4492 anno

806 4562 1201 4610 cccnxxvm
1247 4542 1560 4627 Hesperio
1610 4542 1921 4609 successit
1965 4543 2031 4607 in
2076 4542 2335 4608 Africae
2382 4542 2932 4608 administratione
2988 4543 3091 4623 (cf.
3145 4543 3281 4608 cod.
3321 4544 3570 4609 Theod.
3625 4546 3721 4610 XI
3753 4549 3856 4628 36,
3899 4550 4066 4609 23-

807 4668 923 4742 25;
980 4666 1096 4745 30,
1151 4665 1293 4744 37),
1362 4662 1636 4747 denique
1682 4662 1963 4728 nondum
2010 4664 2411 4728 consulatum
2456 4663 2732 4747 adeptus
2778 4670 2916 4728 erat
2963 4663 3302 4744 DecimuS,
3371 4665 3486 4730 sed
3531 4665 3660 4730 iam
3706 4673 3884 4732 certa
3929 4675 4065 4732 erat

806 4803 957 4869 spes
1015 4783 1148 4849 fore
1208 4790 1279 4848 ut
1338 4803 1487 4848 mox
1544 4782 1629 4847 ad
1686 4782 1849 4848 illud
1904 4783 2211 4849 bonorum
2271 4783 2602 4866 fastigium
2659 4782 3035 4848 eveheretur
3088 4783 3192 4864 (cf.
3248 4784 3560 4850 BrandeS.
3612 4807 3676 4870 p.
3736 4790 3846 4868 15,
3913 4787 4060 4871 eph.

807 4925 1028 4989 gymn.
1080 4904 1295 4969 Austr.
1350 4903 1610 4967 XXXII
1658 4907 1782 4968 326
1816 4907 2013 4988 sqq.).
2107 4904 2278 4987 quod
2330 4924 2474 4969 cum
2521 4903 2759 4969 factum
2806 4903 2888 4968 sit
2932 4924 3099 4969 anno
3146 4909 3671 4988 CCCLXXVI1114),
3741 4914 3920 4990 patet
3961 4908 4068 4972 Iu-

806 5025 963 5090 lium
1008 5023 1363 5089 Ausonium
1424 5031 1573 5089 ante
1634 5024 1802 5094 hunc
1860 5046 2102 5090 annum
2148 5032 2343 5110 atque
2384 5024 2553 5090 intra
2596 5025 2750 5090 anni
2795 5024 2999 5110 ipsius
3045 5025 3487 5091 antecedentis
3533 5026 3695 5092 fines
3742 5028 3912 5093 diem
3959 5049 4067 5093 su-

807 5164 1093 5229 premum
1155 5144 1413 5209 obiisse.
1514 5152 1666 5228 quot
1723 5152 1937 5211 autem
1996 5165 2199 5211 annos
2256 5152 2447 5212 natus
2507 5152 2690 5230 pater
2747 5166 2827 5210 ex
2887 5145 3023 5210 vita
3081 5146 3460 5227 excesserit,
3527 5148 3928 5231 cognoscitur
3986 5169 4067 5214 ex

807 5263 1055 5329 duobus
1100 5263 1212 5328 filii
1269 5264 1619 5330 carminum
1667 5265 1857 5330 locis:
1912 5266 2033 5330 XV
2080 5268 2137 5346 3,
2195 5271 2231 5328 4
2288 5266 2622 5331 ‘undecies
2668 5265 2854 5330 binas
2901 5264 3064 5331 vixit
3106 5266 3538 5351 olympiadas'
3588 5274 3653 5333 et
3696 5268 3792 5332 XI
3839 5271 3899 5351 2,
3954 5272 4057 5348 61,

980 5579 1030 5638 3)
1071 5579 1136 5625 cf.
1167 5576 1363 5640 Peiper.
1392 5578 1526 5627 Anu.
1559 5577 1678 5639 phil.
1714 5580 1882 5642 suppl.
1912 5581 1985 5628 XI
2018 5579 2141 5641 1973
2183 5580 2415 5629 defendit
2449 5581 2780 5629 coniecturam
2818 5595 2958 5628 suam
2997 5579 3234 5630 Brandcs.
3276 5581 3410 5628 Anu.
3448 5580 3574 5644 phil.
3612 5579 3737 5630 1881
3782 5596 3832 5643 p.
3865 5580 3927 5629 77
3955 5597 4062 5643 sqq.

978 5664 1027 5724 4)
1069 5665 1135 5712 cf.
1176 5664 1406 5711 chronica
1440 5663 1739 5713 Cassiodorii
1787 5671 1839 5714 et
1887 5666 2113 5728 Prosperl
2159 5667 2294 5714 edita
2341 5668 2403 5713 ab
2453 5666 2762 5715 Mommscno
2809 5667 2862 5714 in
2907 5667 3050 5714 Actis
3086 5681 3184 5714 soc.
3225 5667 3326 5714 litt.
3370 5680 3480 5715 sax.
3524 5668 3646 5714 VIII
3685 5664 3822 5728 649,
3862 5666 3962 5715 672
4013 5675 4066 5715 et

810 5748 1080 5798 MarceIIInl
1116 5750 1382 5799 chronIcon
1420 5751 1473 5799 in
1511 5750 1689 5810 Mignii
1727 5760 1856 5813 patr.
1898 5752 1984 5802 lat.
2028 5753 2088 5799 121
2130 5750 2246 5800 917.
