4630 6435
769 450 852 511 56
2240 442 2545 498 AVSONII

1301 653 1325 690 5
1433 652 1559 697 non
1606 632 1901 714 equidem
1949 639 2203 697 certans
2248 652 2391 697 cum
2440 633 2775 698 maiestate
2823 633 3128 713 duarum,

1607 738 1744 801 solo
1791 745 1892 801 set
1935 737 2138 821 potior
2183 737 2471 817 nomine,
2529 737 2700 819 quod
2746 737 2973 821 patria.

1435 839 1697 905 adserat
1741 860 1944 922 usque
1988 839 2142 904 licet
2185 840 2461 904 Fabium
2510 840 2884 923 Calagurris
2929 841 3290 919 alumnum,

1610 964 1734 1008 non
1782 943 1865 1008 sit
1915 943 2305 1027 Burdigalae
2353 944 2503 1008 dum
2551 944 2856 1009 cathedra
2902 943 3185 1009 inferior.

1433 1047 1611 1112 mille
1658 1047 1792 1112 foro
1838 1046 2016 1112 dedit
2061 1047 2164 1111 hic
2209 1047 2508 1125 iuveneS‚
2565 1047 2664 1111 bis
2710 1048 2887 1113 mille
2935 1057 3198 1113 senatus

1272 1171 1326 1208 ¹⁰
1606 1150 1844 1216 adiecit
1887 1171 2150 1216 numero
2197 1151 2666 1235 purpureisque
2711 1151 2912 1233 togiS,

1433 1274 1536 1319 me
1581 1275 1865 1338 quoque:
1922 1262 2018 1319 set
2064 1254 2360 1337 quoniam
2410 1254 2612 1318 multa
2659 1261 2757 1319 est
2803 1261 3175 1338 praetexta,
3231 1255 3435 1320 silebo

1606 1365 1798 1438 teque
1847 1378 2068 1422 canam
2121 1357 2201 1421 de
2246 1365 2344 1436 te,
2398 1377 2524 1421 non
2572 1358 2654 1421 ah
2701 1357 2938 1422 honore
2985 1379 3148 1423 meo.

1435 1460 1572 1526 sive
1621 1460 2031 1544 panegyricis
2076 1461 2333 1544 placeat
2376 1460 2761 1525 contendere
2810 1460 3019 1541 libris,

1609 1563 1674 1627 in
1720 1564 2218 1628 Panathenaicis
2265 1570 2333 1628 ιιι
2380 1564 2815 1628 numerandus
2861 1563 3022 1628 eris:

1271 1690 1326 1727 ιτ»
1436 1688 1549 1733 seu
1595 1668 1794 1733 libeat
1836 1667 2018 1733 fictas
2063 1667 2358 1733 ludorum
2409 1668 2705 1733 evolvere
2753 1668 2936 1749 lites,

1606 1771 1948 1854 ancipitem
1996 1771 2274 1853 palmam
2323 1770 2760 1848 Quintilianus
2807 1772 3024 1837 habet.

1436 1874 1692 1939 dicendi
1740 1883 1983 1939 torrens
2029 1874 2146 1939 tibi
2190 1873 2411 1956 copia,
2464 1895 2630 1956 quae
2676 1883 2891 1940 tamen
2937 1896 3200 1957 aurum,

1611 1999 1740 2042 non
1786 1977 1978 2043 etiam
2026 1977 2269 2042 luteam
2317 1978 2605 2041 volveret
2648 1978 2985 2043 inluviem:

1437 2090 1502 2146 et
1549 2080 2151 2159 Demosthenicum,
2205 2080 2375 2163 quod
2421 2090 2518 2145 ter
2564 2081 2838 2165 primum
2886 2081 2999 2147 ille
3047 2083 3326 2163 vocavit,

1269 2205 1329 2245 2⁰
1608 2185 1677 2249 in
1724 2192 1786 2250 te
1835 2185 1928 2249 sic
1973 2184 2208 2266 viguit,
2265 2183 2455 2248 cedat
2500 2191 2569 2248 ιιι
2614 2185 2754 2269 ipse
2802 2186 2939 2250 tibi.

1436 2308 1604 2353 anne
1649 2295 1715 2352 et
1759 2287 1964 2353 divini
2007 2288 2177 2352 bona
2220 2287 2544 2351 naturalia
2588 2287 2738 2353 doni

1609 2391 1917 2468 adiciam,
1973 2391 2236 2455 memori
2282 2410 2475 2472 quam
2524 2390 2722 2456 fueris
2768 2392 3017 2471 anim0,

1440 2495 1664 2559 audita
1708 2501 1778 2559 ut
1822 2494 1926 2558 vel
1973 2494 2143 2558 lecta
2187 2493 2391 2560 semel
2439 2514 2556 2558 ceu
2601 2494 2730 2558 fixa
2773 2504 3063 2575 tenereS‚

1613 2597 1877 2661 auribus
1924 2605 1988 2661 et
2035 2596 2214 2661 libris
2261 2605 2434 2662 esset
2479 2605 2547 2661 ιιι
2593 2618 2720 2661 una
2766 2597 2926 2662 fides
2947 2607 2971 2660 ε’

1272 2724 1332 2762 25
1441 2701 1717 2766 vidimus
1764 2710 1828 2765 et
1872 2700 2191 2783 quondam
2239 2701 2499 2765 tabulae
2546 2702 2893 2766 certamine
2941 2703 3131 2784 longo

1611 2824 1833 2871 omnes
1876 2804 1988 2887 qui
2033 2804 2288 2869 fuerant
2337 2804 2460 2889 (te)
2510 2824 2920 2869 enumerasse
2967 2805 3175 2883 bolos,

1437 2909 1704 2974 alternis
1749 2908 1999 2973 vicibus
2044 2928 2206 2989 quos
2253 2907 2715 2992 praecipitante
2766 2915 2971 2973 rotatu

1614 3012 1889 3077 fundunt
1932 3011 2130 3075 excisi
2177 3031 2294 3096 per
2341 3031 2501 3076 cava
2546 3013 2720 3076 buxa
2764 3013 3036 3093 gradus,

1441 3124 1801 3180 narrantem
1851 3115 1976 3179 fido
2023 3135 2137 3198 per
2181 3114 2438 3196 singula
2484 3122 2719 3198 puncta
2764 3135 3020 3179 recursu

1273 3243 1334 3282 :3⁰
1614 3240 1780 3303 quae
1827 3220 2012 3298 data,
2068 3239 2186 3301 per
2229 3219 2457 3300 longas
2503 3239 2665 3301 quae
2713 3229 3011 3284 revocata
3056 3241 3288 3283 moras.

1442 3324 1618 3387 nullo
1665 3323 1817 3388 felle
1863 3323 1978 3387 tibi
2023 3341 2205 3386 mens
2252 3322 2485 3396 livida,
2542 3330 2671 3387 tum
2722 3323 2857 3386 sale
2906 3324 3098 3387 multo

1612 3428 1836 3510 lingua
1882 3425 2070 3490 dicax
2113 3424 2373 3489 blandis
2420 3433 2486 3490 et
2530 3426 2669 3490 sine
2716 3426 2828 3490 lite
2874 3425 3054 3490 iocis.

1443 3551 1664 3595 mensa
1709 3529 1953 3608 uitem,
2006 3549 2197 3611 quam
2244 3548 2367 3592 non
2416 3529 2708 3593 censoria
2752 3530 2979 3610 regula
3026 3531 3239 3613 culpet

1615 3653 1734 3698 nec
1777 3632 1938 3698 nolit
1982 3631 2181 3715 Frugi
2228 3631 2375 3697 Piso
2422 3653 2652 3696 vocare
2700 3652 2918 3712 suam,

1275 3762 1335 3798 κε.
1444 3755 1917 3817 nonnumquam
1965 3736 2219 3818 pollens
2266 3735 2593 3799 natalibus
2641 3741 2702 3799 et
2748 3734 2915 3820 dape
2962 3736 3160 3814 festa,

1615 3861 1741 3905 non
1785 3847 2003 3904 tamen
2048 3846 2362 3922 angustas
2409 3846 2479 3903 ιιι
2520 3846 2816 3903 tenuaret
2860 3860 3037 3924 opes.

1442 3964 1830 4028 quamquam
1877 3942 2135 4007 heredis
2181 3963 2414 4025 egens,
2472 3942 2574 4007 bis
2622 3963 2736 4007 sex
2783 3943 3221 4025 quinquennia
3268 3944 3556 4024 functus,

1615 4048 1804 4113 fletus
1850 4067 1919 4110 es
1967 4068 2007 4110 a
2051 4046 2266 4124 nobis,
2327 4053 2394 4110 ut
2437 4055 2620 4130 pater
2664 4054 2728 4112 et
2772 4047 3044 4112 iuvenis.

1445 4160 1507 4216 et
1552 4172 1750 4231 nunc⁷
1807 4152 1941 4215 sive
1988 4150 2236 4230 aliquid
2285 4157 2428 4234 post
2475 4149 2608 4215 fata
2653 4159 2940 4215 extrema
2987 4152 3285 4236 superfit,

1279 4279 1335 4316 ιο
1617 4255 1782 4319 vivis
1828 4254 2069 4332 adhuc,
2126 4253 2302 4334 aevi,
2359 4254 2533 4336 quod
2579 4254 2797 4338 periit,
2853 4255 3239 4320 meminens:

1446 4360 1581 4424 sive
1627 4359 1787 4422 nihil
1838 4365 2131 4442 superest
2175 4377 2293 4422 nec
2339 4357 2579 4422 habent
2624 4359 2817 4440 longa
2864 4359 2995 4421 otia
3040 4379 3303 4432 sensu&

1616 4473 1682 4528 tu
1729 4462 1843 4526 tibi
1890 4461 2135 4525 vixisti:
2194 4482 2308 4525 nos
2352 4469 2464 4526 tua
2510 4460 2685 4526 fama
2729 4462 2929 4526 iuvat.

948 4777 1003 4826 ll
1045 4778 1113 4838 ef.
1160 4780 1286 4825 Stat.
1330 4778 1489 4825 Theb.
1533 4778 1622 4824 vn
1663 4775 1763 4826 210
1976 4775 2036 4823 13
2076 4773 2198 4823 Stat.
2245 4775 2364 4823 Silv.
2411 4777 2511 4833 13,
2549 4774 2632 4821 lol
2681 4788 2769 4821 seu
2810 4777 2901 4821 tibi
2945 4776 3220 4823 Pindaricis
3259 4779 3457 4823 animus
3494 4778 3795 4824 contendere
3834 4777 4033 4837 plectris

781 4863 839 4911 IS
877 4865 995 4913 Hor.
1042 4863 1144 4912 Sat.
1190 4866 1210 4910 1
1249 4864 1298 4925 4,
1349 4863 1397 4911 ll
1446 4878 1557 4911 cum
1597 4865 1776 4909 flueret
1813 4862 2099 4909 lutulentus
2247 4861 2305 4908 19
2344 4859 2411 4919 cs.
2457 4861 2558 4910 Cic.
2609 4863 2744 4911 llrnt.
2790 4863 2872 4922 35,
2923 4862 3033 4924 142,
3077 4863 3139 4908 de
3177 4877 3245 4911 or.
3293 4864 3360 4908 lll
3404 4863 3486 4920 513,
3530 4862 3648 4923 213,
3692 4864 3776 4910 Or.
3824 4862 3899 4922 17,
3945 4862 4028 4918 56,

774 4952 947 5008 Quint.
994 4952 1032 5000 1.
1077 4953 1133 4999 O.
1177 4950 1250 4997 XI
1290 4951 1339 5012 3,
1380 4949 1411 4997 6
1622 4949 1681 4998 31
1728 4948 1844 4995 Hor.
1891 4947 1993 4996 Sat.
2041 4948 2056 4992 l
2104 4946 2182 5005 to,
2226 4948 2254 4992 :ss
2294 4948 2394 4994 sale
2434 4950 2589 4994 multo

952 5242 977 5289 7
1018 5223 1160 5290 fanin
1197 5246 1239 5292 V
1267 5247 1313 5304 (b
1337 5243 1426 5303 171²)
1629 5243 1659 5290 9
1699 5242 1819 5289 haec
1846 5240 2010 5301 Luyd.
2041 5241 2186 5299 volyo
2398 5242 2456 5288 13
2497 5243 2801 5302 panegiricos
2828 5278 2841 5290 .
2874 5278 2885 5291 .
2919 5279 2931 5291 .
2963 5243 3115 5289 libros
3150 5242 3367 5302 l'volyo,
3400 5257 3521 5292 corr.
3561 5242 3671 5289 Tou
3889 5242 3949 5290 19
3985 5250 4035 5289 te

787 5328 837 5388 V,
881 5335 958 5374 ter
997 5330 1161 5388 Laud.
1377 5329 1441 5378 20
1479 5328 1654 5375 caedat
1698 5329 1738 5374 V
1963 5327 2028 5374 23
2067 5334 2155 5372 aut
2205 5327 2255 5386 V,
2297 5334 2355 5372 ιιι
2395 5327 2554 5386 Luyd.
2791 5327 2855 5376 26
2892 5341 3212 5375 enumerasse
3261 5328 3308 5387 V,
3356 5336 3405 5374 te
3445 5343 3732 5376 numerasse
3771 5330 4030 5389 Baehrens,

775 5421 824 5459 te
861 5427 1178 5460 enumerasse
1223 5416 1442 5462 mandes
1675 5413 1737 5461 27
1779 5426 1876 5473 quo
1924 5413 1974 5472 V,
2017 5426 2140 5472 qnos
2180 5412 2339 5471 Luyd.
2578 5413 2642 5460 33
2680 5414 2851 5473 culpat
2896 5414 2933 5457 V
2966 5427 3089 5460 corr.
3134 5414 3266 5462 Scul.
3505 5414 3569 5462 36
3607 5421 3806 5472 agustus
3852 5415 3902 5470 V,
3944 5429 4033 5461 an-

778 5506 950 5556 gustas
991 5500 1155 5559 Luyd.
1373 5501 1435 5548 37
1486 5483 1634 5560 tuq-12³1
1689 5501 1725 5545 V
1761 5514 1884 5545 corr.
1933 5499 2039 5544 Tou
2251 5499 2314 5544 39
2356 5500 2579 5560 supersit
2618 5499 2781 5557 Luyd.
2824 5502 2968 5557 volyo
