4630 6435
1943 434 2403 493 PROOEMIVM.
3650 435 3803 500 XLI

549 666 716 743 sunt,
757 659 1098 746 inspectis:
1156 662 1236 726 28
1279 659 1555 744 ‘gestis'‚
1610 662 1691 726 33
1733 660 2162 746 ‘perlabitur’,
2217 664 2298 727 34
2342 660 2789 745 ‘omnigenus’,
2845 664 2927 728 73
2970 660 3226 746 ‘prode'
3257 660 3344 726 a’l.
3426 659 3545 727 sed
3576 668 3803 744 quam-

548 801 738 865 quam
785 780 1117 847 Parisinus
1161 780 1232 847 in
1274 780 1641 847 universum
1688 780 1916 847 melior
1960 788 2059 848 est
2101 781 2560 866 Eustorgiano,
2611 788 2828 848 tamen
2872 788 2938 847 et
2978 781 3086 847 hic
3127 794 3608 866 ‘nonnumquam
3652 801 3806 847 con-

546 907 647 966 tra
691 900 1055 967 Parisinum
1117 921 1261 969 cum
1306 901 1623 967 Vossiano
1680 901 2000 985 genuinas
2057 903 2326 987 praebet
2367 902 2750 986 scripturae,
2819 901 3026 968 veluti·
3066 904 3148 966 30
3205 901 3303 966 ‘in
3346 900 3653 982 mediae'‚
3722 906 3804 966 78

559 1022 890 1086 ‘Romani’
939 1022 1069 1099 al.;
1121 1022 1293 1089 adde
1339 1021 1509 1106 quod
1553 1022 1621 1086 in
1665 1022 2092 1107 Eustorgiano
2140 1023 2378 1106 legitur
2419 1044 2482 1087 v.
2536 1027 2610 1087 41
2665 1022 2732 1088 in
2778 1022 3065 1088 Parisino
3111 1022 3385 1088 omissus
3402 1025 3506 1105 35⁵).

723 1142 824 1207 Ex
870 1141 1159 1207 Parisino
1214 1141 1537 1208 fluxerunt
1595 1142 1996 1227 exemplaria
2050 1142 2351 1208 carminis
2405 1143 2820 1226 Pythagorici
2876 1143 3234 1225 (XXVIIII)
3301 1142 3366 1207 in
3427 1141 3806 1207 Marciano

548 1262 661 1328 lat.
701 1263 781 1327 cl.
821 1262 951 1326 XII
985 1266 1065 1327 69
1109 1262 1208 1344 (cf.
1250 1262 1331 1328 G.
1362 1263 1585 1327 Goetz.
1623 1264 1791 1328 Ann.
1821 1263 1980 1348 phil.
2020 1265 2208 1345 1878,
2241 1266 2386 1347 768)
2427 1270 2492 1327 et
2523 1263 3125 1348 Guelferbytano
3157 1261 3360 1328 altero
3402 1261 3592 1344 (Grud.
3629 1262 3804 1343 145).

552 1403 718 1466 quae
764 1403 866 1449 res
912 1384 1015 1449 vel
1062 1404 1144 1449 ex
1188 1403 1264 1448 eo
1309 1381 1733 1466 intellegitur,
1785 1383 1956 1467 quod
1997 1382 2066 1448 in
2113 1390 2380 1467 utroque
2426 1383 2587 1449 libro
2632 1384 2880 1466 eadem,
2933 1404 3098 1468 quae
3142 1382 3211 1448 in
3254 1382 3566 1464 Parisin0,
3617 1381 3810 1448 huius

552 1503 852 1569 carminis
899 1503 1225 1588 appendix
1269 1503 1611 1569 invenitur.
1690 1524 1768 1568 ac
1796 1504 2161 1570 Marcianus
2207 1504 2583 1587 diligentius
2615 1504 2974 1589 descriptus
3004 1509 3103 1569 est
3133 1524 3214 1569 ex
3245 1503 3552 1584 Parisino,
3608 1502 3813 1568 Guel-

553 1624 966 1708 ferbytanus,
1032 1630 1275 1707 quanta
1320 1623 1514 1689 fuerit
1556 1624 1960 1689 librariorum
2005 1624 2071 1688 in
2132 1624 2271 1690 eius
2331 1625 2504 1690 modi
2562 1625 2880 1710 excerptis
2939 1623 3353 1689 immutandis
3412 1622 3676 1688 licentia
3734 1642 3812 1687 ac

552 1745 903 1827 temeritas,
955 1744 1314 1809 luculenter
1358 1744 1660 1810 ostendit.

725 1866 1038 1931 Vossiano
1084 1870 1150 1930 et
1191 1865 1480 1930 Parisino
1527 1865 1689 1930 duos
1732 1865 2083 1949 adiungam
2130 1865 2383 1931 codices
2428 1888 2508 1932 ex
2566 1865 2824 1949 eodem,
2886 1887 3010 1950 quo
3064 1865 3200 1948 illi,
3262 1864 3610 1948 archetypo
3665 1883 3812 1948 pro-

554 1986 785 2052 fectos:

730 2105 1211 2197 Leidensem,
1263 2106 1647 2172 Vossianum
1696 2110 1747 2183 Q
1794 2108 1896 2186 33,
1951 2105 2032 2172 de
2077 2126 2201 2190 quo
2246 2105 2397 2172 vide
2443 2127 2608 2191 quae
2654 2112 3088 2191 exposuerunt
3117 2107 3198 2170 H.
3236 2105 3489 2170 Keilius
3522 2104 3806 2169 Gramm.
3839 2101 4082 2209 fgffflffl
4109 2101 4145 2151 q
4173 2102 4224 2143 ³³

561 2229 672 2293 lat.
722 2228 820 2291 III
868 2228 991 2289 389
1024 2246 1191 2310 sqq.‚
1245 2226 1499 2292 Riesius
1544 2227 1741 2290 Anth.
1792 2225 1907 2290 lat.
1958 2226 2023 2290 11
2067 2226 2272 2311 praef.
2326 2230 2408 2291 26
2440 2247 2538 2310 sq.
2597 2228 2665 2293 in
2711 2227 2904 2292 tertia
2947 2226 3139 2292 huius
3184 2225 3330 2291 libri
3374 2232 3591 2310 parte,
3643 2243 3811 2306 quae

556 2348 795 2433 scripta
854 2354 953 2413 est
1012 2347 1271 2413 saeculo
1330 2347 1427 2428 X,
1483 2347 1528 2411 f.
1587 2348 1985 2410 112v---113v
2044 2346 2206 2411 haec
2265 2347 2568 2430 leguntur
2625 2346 3154 2431 Technopaegnii
3207 2346 3495 2429 (XXVII)
3554 2345 3804 2430 capita:

564 2473 619 2551 1,
675 2472 866 2532 3-9,
960 2468 1284 2552 conspirat
1327 2467 1706 2553 plerumque
1752 2486 1896 2533 cum
1954 2471 2027 2547 V,
2093 2467 2186 2532 ita
2228 2473 2478 2550 tamen,
2546 2473 2615 2532 ut
2660 2488 2805 2534 eum
2862 2489 2943 2533 ex
2988 2467 3305 2534 Vossiano
3363 2486 3490 2531 non
3546 2464 3813 2530 fluxisse

557 2589 920 2672 colligatur.
1015 2595 1297 2654 ceterum
1341 2587 1753 2654 memorando
1813 2587 2078 2670 dignum
2139 2593 2273 2669 est,
2342 2587 2512 2669 quod
2571 2589 2639 2653 in
2695 2594 2743 2652 V
2780 2588 3111 2681 quaedam·
3158 2586 3305 2651 libri
3352 2590 3403 2665 Q
3461 2586 3814 2671 scripturae

556 2748 752 2794 manu
798 2728 1006 2793 altera
1048 2726 1275 2792 illatae
1317 2727 1485 2791 inter
1528 2744 1755 2792 versus
1801 2724 2093 2791 adiectae
2139 2732 2318 2807 sunt,
2384 2726 2583 2791 veluti
2635 2731 2696 2807 4,
2754 2729 2776 2788 1
2844 2684 3166 2792 ‘subtexb’
3227 2731 3288 2808 V,
3363 2723 3713 2790 ‘subtexto’
3765 2727 3816 2799 Q

559 2873 625 2931 et
667 2865 868 2948 Magl.
927 2866 1068 2948 (Μ),
1123 2868 1181 2945 6,
1222 2867 1261 2929 8
1316 2864 1491 2929 ‘rex’
1536 2865 1741 2944 Vm20,
1795 2866 1856 2945 9,
1897 2866 1980 2927 20
2036 2822 2329 2928 (ηἰοωῗ8’
2374 2868 2433 2945 V,
2495 2864 2842 2930 ‘uicturus’
2894 2869 2963 2941 Q.
3062 2863 3328 2929 contulit
3369 2863 3540 2928 hunc
3581 2862 3816 2929 librum

560 2987 641 3051 G.
696 2987 783 3051 du
828 2985 1015 3051 Rieu.

731 3105 1154 3171 Parisinum
1203 3107 1401 3187 2772,
1455 3124 1624 3169 saec.
1679 3104 1950 3185 X—-XI,
2002 3125 2191 3188 quem
2238 3103 2580 3189 descripsit
2623 3105 2879 3170 Riesius
2923 3106 3117 3170 Anth.
3168 3105 3282 3172 lat.
3333 3105 3399 3169 Π
3440 3103 3648 3189 praef.
3709 3106 3804 3166 10.
3839 3103 4067 3207 {35³⁸”m2
4095 3102 4200 3144 2⁷⁷²

555 3229 622 3294 in
667 3247 793 3313 quo
838 3228 883 3293 f.
937 3229 1043 3291 76¹r
1087 3228 1388 3309 leguntur
1430 3225 1952 3310 Technopaegnii
1999 3226 2213 3310 capita
2259 3228 2320 3307 3,
2373 3231 2410 3288 4
2470 3229 2591 3308 (vv.
2644 3229 2907 3310 9—13),
2960 3233 3022 3311 5,
3073 3227 3196 3292 hac
3240 3225 3652 3310 inscriptione
3695 3223 3814 3289 ad-

554 3350 760 3415 iecta:
819 3347 1081 3432 ‘Incipit
1124 3345 1534 3431 techopegnii
1580 3352 1680 3412 tes
1723 3349 1874 3427 tus',
1929 3347 1974 3412 f.
2021 3353 2167 3411 107v
2215 3367 2474 3413 carmen
2519 3347 2852 3432 designis
2898 3354 2963 3414 et
3003 3348 3335 3413 mensibus
3378 3365 3480 3411 ΧΠ
3520 3347 3596 3430 (V
3627 3347 3684 3429 9)
3731 3361 3813 3410 ex

557 3470 686 3535 alio
732 3469 906 3535 fonte
951 3466 1416 3552 depromptum.
1512 3468 1830 3533 consentit
1883 3467 2017 3532 fere
2078 3487 2218 3532 cum
2275 3475 2539 3552 utroque
2586 3468 2900 3533 Vossiano
2961 3488 3080 3534 nec
3122 3475 3339 3533 tamen
3382 3486 3463 3532 ex
3508 3467 3814 3533 alterutro

559 3589 880 3676 profectus
926 3594 1026 3655 est
1080 3588 1182 3671 (cf.
1239 3588 1490 3676 Peiper.
1545 3591 1669 3651 282
1704 3589 1904 3670 sqq.).
1997 3588 2166 3652 hunc
2210 3588 2445 3653 librum
2491 3589 2775 3653 excussit
2820 3589 2899 3652 A.
2950 3587 3264 3653 Schoene.

735 4002 924 4068 Haud
983 4001 1342 4068 mirandum
1405 4008 1505 4069 est
1562 4021 1643 4067 ex
1703 4000 2090 4066 carminibus
2150 4002 2541 4067 Ausonianis
2599 4001 2666 4067 in
2725 4002 2949 4088 primis
2995 4002 3362 4068 Orationem
3430 4002 3581 4084 (IIII
3628 4003 3685 4085 3)
3753 4006 3818 4066 et

565 4123 880 4208 epistulas
924 4122 1008 4187 ad
1040 4122 1379 4188 Paulinum
1427 4122 1697 4207 scriptas
1742 4122 2111 4188 clericorum
2159 4122 2738 4206 monachorumque
2783 4122 3006 4189 oculos
3050 4130 3422 4206 mentesque
3464 4123 3534 4187 in
3564 4141 3634 4187 se
3666 4141 3820 4186 con-

566 4244 855 4309 vertisse.
950 4263 1100 4307 nam
1146 4264 1289 4309 cum
1335 4242 1646 4309 Paulinus
1689 4242 1757 4307 in
1802 4249 2166 4308 sanctorum
2210 4263 2544 4311 numerum
2591 4245 2830 4309 relatus
2872 4244 2940 4310 in
2985 4244 3280 4311 ecclesiis
3326 4244 3609 4310 maxima
3666 4242 3820 4308 reli-

564 4365 752 4447 gione
797 4363 1130 4445 coleretur,
1181 4363 1249 4428 in
1288 4364 1644 4429 Ausonium
1689 4363 1883 4429 etiam
1928 4364 2069 4429 eius
2111 4364 2442 4448 religionis
2487 4364 2734 4448 aliquid
2778 4366 3199 4447 redundabat,
3251 4364 3627 4451 praesertim
3673 4384 3818 4436 cum

564 4484 765 4550 oratio
818 4483 970 4566 illa,
1035 4484 1202 4549 inter
1259 4504 1447 4567 quam
1511 4491 1575 4550 et
1631 4483 1885 4549 Paulini
1945 4483 2378 4569 precationem
2437 4485 2977 4552 necessitudinem
3037 4485 3361 4568 quandam
3422 4484 3818 4551 intercedere

565 4603 885 4670 neminem
943 4605 1219 4686 latebat,
1287 4624 1603 4670 summum
1665 4604 1804 4670 eius
1864 4624 2185 4670 sacrorum
2247 4604 2738 4671 christianorum
2800 4605 3078 4671 studium
3139 4605 3409 4692 prodere
3467 4605 3812 4671 videretur.

567 4724 705 4790 sive
750 4724 946 4808 igitur
989 4723 1248 4790 Paulini
1293 4725 1578 4790 carmina
1629 4725 1945 4809 quaedam
2006 4725 2133 4790 iam
2193 4725 2547 4808 antiquitus
2608 4746 2751 4792 cum
2797 4726 3184 4792 Ausonianis
3243 4726 3582 4792 coniuncta
3640 4731 3822 4791 erant

566 4844 702 4910 sive
749 4852 973 4930 postea
1014 4845 1082 4911 in
1128 4866 1208 4912 ea
1250 4845 1434 4911 illata
1479 4852 1627 4911 sunt
1669 4883 1756 4892 -
1799 4855 1948 4909 nam
1993 4845 2157 4911 haec
2213 4865 2353 4929 res,
2422 4846 2477 4911 si
2533 4846 2824 4930 quando,
2891 4847 3148 4912 Paulini
3206 4845 3462 4913 demum
3518 4845 3818 4931 operibus

566 4965 737 5030 iusta
781 4965 1024 5033 ratione
1069 4965 1261 5032 editis
1306 4965 1391 5031 ad
1421 4965 1735 5049 liquidum
1767 4965 2032 5051 perduci
2064 4966 2294 5051 poterit
2326 5004 2427 5049 —,
2479 4966 2548 5033 id
2577 4966 2835 5049 quidem
2869 4975 3109 5034 certum
3141 4973 3257 5049 est,
3311 4973 3382 5033 ut
3407 4966 3476 5032 in
3505 4952 3819 5032 Vossiano

566 5092 633 5151 et
676 5086 968 5151 Parisino
1011 5086 1281 5152 Ausonii
1324 5086 1651 5172 opusculis
1697 5086 1953 5152 Paulini
1998 5087 2283 5153 carmina
2328 5087 2649 5170 quaedam
2694 5087 2950 5153 adiecta
2993 5088 3327 5172 leguntur,
3390 5088 3483 5154 ita
3537 5087 3604 5153 in
3658 5107 3821 5152 non-

742 5398 826 5462 38)
868 5401 1201 5449 memorabilis
1250 5405 1329 5450 est
1373 5401 1648 5463 scripturae
1696 5402 1748 5448 in
1786 5414 1838 5448 v,
1879 5398 1945 5449 82
1993 5401 2124 5449 inter
2158 5402 2463 5450 Vossianum
2511 5405 2563 5450 et
2598 5401 2881 5449 Parisinum
2919 5401 3409 5464 Eustorgianumque
3456 5401 3814 5462 discrepantia.

568 5500 668 5549 quo
702 5487 756 5533 in
794 5500 940 5535 versu
976 5486 1030 5535 bl
1066 5489 1307 5549 praebent
1355 5484 1648 5548 ‘Emerita’,
1701 5488 1787 5534 ille
1843 5486 2134 5549 ‘Hispalis‘.
2211 5502 2267 5535 ac
2303 5488 2546 5536 Vossiano
2581 5488 2706 5550 quin
2743 5501 2977 5548 germana
3014 5487 3260 5548 scriptura
3296 5488 3476 5536 tradita
3517 5488 3612 5552 sit,
3668 5487 3817 5535 dubi-

568 5580 677 5621 tare
704 5573 951 5621 nonlicet
980 5572 1061 5636 (cs.
1096 5571 1162 5622 84
1189 5578 1240 5621 et
1265 5572 1427 5622 Strab.
1459 5574 1534 5621 111
1564 5571 1716 5634 141);
1760 5569 2042 5622 ‘Emerita‘
2078 5578 2248 5623 tutem
2284 5579 2489 5637 propter
2525 5588 2598 5636 ee,
2640 5588 2771 5635 quae
2807 5575 2860 5622 in
2898 5588 2945 5622 v.
2983 5573 3013 5622 3
3049 5573 3289 5634 leguntur
3329 5576 3634 5636 ‘aequoreus
3669 5587 3819 5634 quam

568 5658 952 5720 praeterlabitur
986 5660 1187 5722 amntn‘,
1229 5660 1431 5720 quidam
1468 5659 1703 5708 intulisse
1742 5660 1955 5723 videtur,
1997 5660 2159 5708 Anam
2196 5660 2287 5710 boc
2323 5661 2428 5709 loco
2464 5660 2736 5720 significari
2774 5665 2909 5708 ratus
2951 5660 3031 5724 (E.
3073 5659 3224 5709 XXV
3262 5660 3365 5724 74),
3408 5675 3524 5710 cum
3561 5660 3818 5708 Ausonius

572 5747 635 5794 de
670 5745 825 5793 Baete
861 5745 1055 5795 locutus
1093 5752 1229 5794 esset
1270 5744 1453 5808 (strab.
1497 5746 1571 5793 111
1615 5742 1750 5807 142).

727 5847 976 5888 Avsomvn.
3384 5845 3412 5899 f
