4630 6435
769 466 892 525 220
2234 462 2540 518 AVSONII

2010 805 2470 870 LXXXVIIII.
2527 806 2762 870 IDEM.

1431 980 1649 1045 Dodra
1691 998 1902 1043 vocor.
1977 982 2173 1061 ‘quae
2219 979 2483 1044 causa'?
2527 999 2754 1043 novem
2804 977 3058 1063 species
3103 999 3278 1060 gero.
3360 980 3557 1061 ‘quae
3603 978 3815 1042 sunt’?
3954 996 4018 1045 87

1432 1083 1530 1147 ius
1575 1103 1744 1166 aqua
1788 1083 1914 1148 mel
1962 1083 2179 1147 vinum
2224 1082 2413 1167 panis
2458 1083 2643 1166 piper
2686 1082 2889 1147 herba
2932 1082 3145 1147 oleum
3192 1082 3314 1147 sal.
3888 1084 4016 1145 (Vw)

2070 1358 2409 1423 LXXXX.
2460 1358 2700 1422 IDEM.

1429 1526 1660 1616 Δόδροι,
1715 1527 1889 1593 ποτὸν
1937 1527 2037 1593 καὶ
2083 1525 2371 1616 ἀριθμός,
2425 1531 2550 1615 ἔχω
2600 1532 2735 1613 μέλι
2783 1528 2942 1594 οἶνον
2988 1529 3193 1593 ἔλαιον
3955 1548 4019 1596 88

1601 1626 1776 1718 ἄρτον
1824 1628 1975 1706 ἅλοις
2027 1628 2281 1720 βοτάνην
2330 1630 2526 1718 ζωμὸν
2574 1626 2737 1718 ὕδωρ
2782 1634 3016 1719 πέπερι.
3935 1638 4013 1693 (ω)

2200 1909 2572 1974 LXXXXI.

1424 2082 1593 2147 Iuris
1641 2083 1968 2161 consult0,
2025 2082 2127 2146 cui
2174 2081 2334 2147 vivit
2377 2081 2674 2146 adultera
2719 2082 3031 2163 coniunx,
3953 2099 4019 2149 89

1598 2185 1803 2270 Papia
1847 2186 1954 2250 lex
2001 2184 2277 2269 placuit,
2332 2184 2502 2249 Iulia
2545 2183 2894 2268 displicuit.
3934 2186 4012 2245 (ω)

1422 2289 1760 2371 quaeritiS,
1815 2288 1983 2354 unde
2031 2290 2191 2354 haec
2237 2288 2322 2353 sit
2367 2289 2719 2354 distantia?
2764 2287 3024 2354 semivir
3069 2288 3211 2372 ipse

1600 2392 1996 2458 Scantiniam
2043 2400 2335 2458 metuens
2382 2414 2507 2458 non
2552 2393 2780 2458 metuit
2821 2391 3084 2458 Titiam.

2184 2667 2586 2733 LXXXXII.

1423 2841 1699 2924 Inguina
1742 2840 1913 2923 quod
1959 2840 2170 2907 calido
2216 2841 2399 2906 levas
2444 2840 2562 2907 tibi
2609 2839 2924 2926 dropace,
2978 2860 3177 2907 causa
3223 2847 3354 2907 est:
3921 2856 4012 2907 131

1594 2944 1848 3010 irritant
1892 2944 2110 3009 volsas
2155 2944 2331 3009 levia
2373 2944 2660 3010 membra
2706 2944 2914 3028 lupas.
3932 2944 4020 3005 (ω)

1426 3047 1542 3113 sed
1586 3047 1755 3131 quod
1802 3054 1866 3113 et
1911 3048 2081 3113 elixo
2126 3047 2449 3133 plantaria
2493 3047 2722 3132 podice
2767 3047 2956 3112 vellis

1599 3158 1663 3216 et
1706 3151 1860 3215 teris
1905 3151 2205 3216 incurvas
2250 3151 2506 3237 pumice
2555 3146 2986 3236 Κλαζομενάς,

1426 3274 1625 3321 causa
1669 3256 1858 3337 latet,
1912 3256 2225 3321 bimarem
2270 3255 2396 3320 nisi
2440 3257 2615 3339 quod
2660 3255 2971 3340 patientia
3016 3257 3303 3322 morbum

1602 3359 1850 3444 appetit
1892 3366 1957 3425 et
1999 3366 2178 3443 tergo
2222 3359 2500 3442 femina,
2553 3359 2723 3444 pube
2769 3359 2866 3424 vir
2911 3379 3005 3425 es.

1890 3634 2322 3699 LXXXXIII.
2390 3634 2484 3698 IN
2529 3633 2874 3699 ZOILVM.

1429 3807 1705 3874 Semivir
1750 3826 2012 3872 uxorem
2058 3804 2336 3888 duxisti,
2391 3806 2607 3888 Zoile,
2660 3806 3016 3873 moecham.
3953 3825 4023 3874 90

1601 3931 1639 3976 o
1683 3917 1962 3993 quantus
2007 3908 2119 3974 fiet
2162 3917 2471 3991 quaestus
2518 3909 2832 3993 utrimque
2877 3908 3080 3990 domi,
3933 3912 4015 3972 (ω)

1430 4035 1573 4080 cum
1621 4013 1804 4079 dabit
1846 4012 2029 4077 uxori
2074 4013 2332 4078 molitor
2373 4019 2522 4079 tuus
2569 4020 2635 4079 et
2676 4011 2793 4078 tibi
2837 4012 3126 4095 adulter,

1599 4117 1822 4200 quanti
1869 4115 2167 4200 deprensi
2215 4117 2454 4182 damna
2498 4115 2764 4201 pudoris
2810 4122 3044 4182 ement.

934 4397 1247 4446 LXXXXII.
1329 4395 1350 4446 1
1394 4396 1538 4445 Mart.
1582 4396 1660 4443 111
1697 4395 1782 4456 74,
1830 4394 1851 4444 1
1894 4395 2136 4457 psilothro
2173 4397 2352 4444 faciem
2390 4397 2528 4443 levas
2566 4402 2618 4444 et
2653 4397 2863 4458 dropace
2901 4397 3086 4445 calvam
3127 4393 3217 4458 (ef.
3254 4395 3302 4444 X
3325 4395 3411 4457 65,
3443 4394 3490 4456 8)
3705 4394 3737 4445 3
3763 4410 3837 4456 sq.
3881 4396 4015 4446 Pers.

765 4486 870 4532 1111
909 4483 973 4533 39
1002 4499 1076 4546 sq.
1120 4484 1241 4532 licet
1275 4484 1394 4531 haec
1431 4483 1674 4544 plantaria
1715 4483 1901 4530 vellant
1937 4483 2202 4544 elixasque
2237 4488 2383 4531 nates
2420 4483 2722 4531 labefactent
2757 4484 2944 4546 forcipe
2982 4484 3179 4531 adunca

927 4744 1291 4794 LXXXVIIII.
1369 4743 1507 4791 Idem
1553 4744 1607 4804 V,
1667 4743 1744 4789 De
1782 4742 1952 4790 eadem
1991 4745 2193 4804 potione
2233 4760 2264 4791 υ
2322 4743 2466 4806 (quae
2503 4749 2707 4792 uocatur
2742 4744 2893 4792 dodra
2929 4742 3045 4792 add.
3088 4739 3292 4804 muvffl)
3320 4780 3332 4804 ‚
3388 4743 3588 4790 nullum
3624 4744 3803 4791 lemma
3844 4742 3946 4789 ΜΤ
3977 4747 4024 4790 et

756 4832 917 4880 Paris.
964 4830 1265 4893 (Phaonem)
1308 4832 1438 4878 8071
1480 4828 1525 4890 f.
1570 4827 1675 4889 lor,
1718 4830 1795 4877 De
1832 4829 2004 4877 eadem
2050 4829 2141 4890 Uy.
2181 4831 2322 4891 volyo
2538 4829 2559 4877 l
2602 4843 2776 4878 causas
2815 4828 2873 4875 Μ
3076 4827 3106 4877 2
3144 4829 3296 4877 herba
3332 4843 3430 4878 om.
3483 4829 3525 4875 Τ

928 4915 1186 4966 Lxxxx,
1263 4916 1404 4964 Idem
1442 4914 1570 4977 Μυῒ,
1631 4916 1708 4963 De
1746 4916 1918 4963 eadem
1953 4913 2099 4964 dodra
2131 4913 2206 4978 p2,
2266 4917 2344 4963 De
2381 4916 2555 4963 eadem
2593 4915 2723 4978 quod
2761 4915 2913 4963 dodra
2947 4916 3085 4978 potio
3122 4916 3189 4963 sit
3225 4919 3278 4963 et
3313 4928 3553 4963 numerus
3593 4914 3662 4976 E,
3724 4916 3801 4963 De
3850 4914 4022 4962 eadem

759 5005 909 5052 dodra
945 5005 1150 5065 potione
1197 5002 1284 5063 Uy.
1326 5004 1488 5064 vol90,
1530 5015 1728 5050 carmen
1766 5015 1860 5052 om.
1911 5002 2087 5050 Tlmuv
2303 5002 2325 5050 l
2367 4999 2522 5057 πότος
2559 5002 2676 5050 Par.
2716 5003 2861 5062 volyo

931 5089 1214 5139 LXXXXI.
1294 5091 1369 5137 De
1415 5088 1767 5137 iurisconsulto
1820 5089 1912 5151 (De
1949 5090 2057 5137 uiro
2094 5089 2322 5137 consulto
2368 5087 2532 5150 muv2)
2587 5090 2671 5149 qui
2722 5102 2929 5137 uxorem
2967 5089 3182 5136 habebat
3221 5088 3453 5150 (habebat
3491 5101 3699 5136 uxorem
3734 5087 3838 5148 mu)
3875 5087 4021 5135 adul-

759 5181 914 5224 teram
951 5193 988 5241 χ
1022 5177 1180 5236 υοιρο,
1222 5177 1419 5224 nullum
1455 5177 1638 5225 lemma
1678 5173 1837 5236 MTpss
2045 5175 2076 5225 4
2116 5178 2381 5224 scatiniam
2430 5171 2714 5236 ΤπιιιυῖΕρ3
2747 5177 2891 5235 volyo
3101 5176 3284 5223 metuit
3317 5191 3356 5240 χ
3565 5176 3731 5223 ticiam
3772 5170 3872 5235 Tp³

928 5262 1232 5312 LXXXXII.
1310 5264 1371 5310 In
1408 5276 1525 5311 eum
1565 5263 1664 5324 (Ad
1700 5263 1966 5323 quemdam
2002 5259 2280 5328 [quendam
2317 5259 2441 5328 v2E]
2478 5260 2678 5326 mcum,
2732 5264 2793 5309 In
2841 5263 3094 5323 quendam
3142 5261 3305 5323 volgo)
3360 5262 3448 5323 qui
3495 5262 3632 5309 leuia
3673 5263 3770 5309 sibi
3816 5260 4026 5321 inguina

754 5348 966 5396 faciebat
988 5347 1072 5412 χΕ
1091 5349 1253 5410 volqo,
1294 5351 1492 5397 nullum
1517 5350 1697 5397 lemma
1724 5348 1830 5396 ΜΤ
2041 5348 2058 5397 1
2104 5350 2259 5398 calido
2282 5363 2378 5400 om.
2412 5348 2468 5395 Μ
2674 5348 2704 5398 2
2742 5351 2946 5397 menbra
2974 5348 3029 5396 Μ
3233 5348 3265 5397 4
3302 5349 3522 5396 inclusas
3550 5363 3610 5410 ω,
3653 5348 3857 5396 incusas
3882 5346 4019 5397 Seal.

754 5435 916 5496 volyo,
959 5435 1188 5482 incurvas
1226 5449 1311 5495 eqo
1539 5437 1723 5497 punice
1762 5434 1864 5482 ME
2091 5437 2395 5484 clazomenae
2438 5436 2495 5498 Τ,
2539 5437 2854 5484 claxomenas
2890 5441 3015 5497 σοις
3055 5433 3126 5495 cf.
3169 5435 3378 5498 Hesych.
3420 5449 3458 5485 ο.
3499 5450 3546 5483 υ.
3590 5428 3939 5500 Κλαζομένιοι
3976 5439 4027 5483 et

755 5520 925 5568 Iacobi
962 5523 1016 5569 in
1056 5519 1287 5569 Meinekii
1327 5522 1459 5571 Com.
1508 5524 1678 5571 Graec.
1723 5524 1914 5584 Fraym.
1968 5522 2010 5570 V
2042 5524 2135 5571 291
2354 5523 2385 5572 6
2422 5524 2638 5571 foemina
2681 5522 2722 5569 T

927 5605 1271 5655 Lxxxxm.
1346 5608 1420 5655 Ad
1450 5609 1647 5657 Zoilum
1692 5610 1889 5670 (Zoylon
1915 5624 2021 5668 mu,
2064 5610 2141 5657 De
2170 5611 2305 5657 Zoile
2330 5608 2403 5672 122)
2443 5613 2529 5671 qui
2570 5623 2773 5658 uxorem
2812 5608 3065 5656 moecham
3102 5609 3315 5657 duxerat
3349 5625 3386 5674 χ
3421 5609 3577 5669 volyo,
3618 5608 3817 5656 nullum
3843 5609 4025 5655 lemma

760 5690 917 5740 MTb²
1145 5692 1169 5742 1
1211 5686 1411 5742 aemilii·
1455 5696 1494 5741 T
1702 5697 1986 5744 moeccham
2028 5695 2085 5756 Τ,
2130 5696 2350 5744 mecham
2390 5695 2445 5742 Μ
2666 5694 2696 5744 2
2736 5701 3007 5755 utrumque
3049 5694 3204 5755 Mmu,
3250 5697 3505 5757 utrimque
3543 5691 3613 5755 v2,
3655 5695 3893 5755 utrinque
3930 5697 4020 5742 ccl.

757 5779 788 5829 4
824 5784 1067 5842 quantum
1106 5793 1148 5829 ω
1186 5780 1348 5842 volpe,
1391 5787 1574 5844 quanto
1610 5782 1689 5829 vel
1725 5783 1904 5844 quanti
1946 5782 2140 5831 Gronov
2350 5786 2525 5831 emunt
2562 5796 2622 5843 ω,
2666 5787 2836 5829 ement
2876 5780 2988 5827 Tell
