4630 6435
434 992 491 1031 15

428 1509 488 1548 20

428 2748 484 2787 10

431 3267 484 3305 15

1663 469 2118 524 GRATIARVM
2161 470 2392 524 Ac'rlo
2434 470 2632 533 (vm).
3699 479 3773 538 21

529 661 843 725 manicum
891 660 1216 726 deditione
1261 660 1636 744 gentilium,
1690 658 2178 725 Alamannieum
2226 659 2625 726 traductione
2681 667 3043 745 captorum,
3108 663 3421 729 vincendo
3482 672 3547 730 et
3602 666 3789 749 igno-

532 765 768 830 scendo
813 764 1270 843 Sarmaticum,
1368 768 1430 828 9.
1484 770 1815 829 conectere
1860 763 2075 827 omnia
2120 763 2347 829 merita
2392 763 2644 828 virtutis
2689 770 2754 829 et
2804 765 3183 848 cognomina
3239 765 3604 834 felicitatis:
3671 770 3789 835 sed

529 868 661 934 alia
705 874 805 933 est
846 868 968 933 ista
1016 866 1289 933 materia
1333 874 1397 932 et
1441 886 1556 931 suo
1604 873 1837 950 parata
1882 873 2164 947 secret0,
2218 887 2362 931 cum
2408 867 2726 950 placuerit
2771 868 3102 951 signanter
3147 876 3211 934 et
3254 870 3535 936 breviter
3574 872 3788 937 omnia

528 992 693 1053 quae
751 970 1049 1036 novimus
1106 970 1392 1037 indicare
1437 990 1648 1051 neque
1707 969 2041 1054 persequi,
2113 977 2183 1035 ut
2226 970 2338 1051 qui
2383 976 2693 1035 terrarum
2739 972 2956 1036 orbem
3003 971 3193 1037 unius
3235 974 3498 1039 tabulae
3542 975 3787 1040 ambitu

528 1075 1054 1140 circumscribunt
1096 1075 1423 1157 aliquanto
1470 1073 1850 1139 detrimento
1897 1072 2397 1155 magnitudiniS,
2449 1075 2625 1139 nullo
2669 1073 3008 1159 dispendio
3054 1075 3365 1141 veritatis.
3467 1082 3565 1141 10.
3617 1098 3788 1144 nunc

527 1184 761 1257 autem,
815 1176 987 1260 quod
1034 1177 1165 1243 diei
1210 1177 1401 1242 huius
1446 1176 1791 1262 proprium,
1845 1176 1926 1241 de
1973 1177 2308 1241 consulatu
2355 1177 2599 1259 gratias
2644 1197 2858 1261 agam.
2940 1178 3057 1243 sed
3103 1187 3477 1263 procurrunt
3522 1188 3586 1246 et
3616 1181 3787 1247 aliae

528 1280 874 1363 dignitates
921 1287 1113 1362 atque
1160 1279 1227 1343 in
1272 1300 1491 1346 vocem
1539 1279 1988 1362 gratulationis
2020 1286 2362 1364 erumpunt
2391 1300 2469 1345 ac
2501 1300 2571 1346 se
2601 1281 2778 1365 prius
2811 1281 3044 1347 debere
3075 1283 3469 1367 profitentur.
3552 1289 3649 1349 11.
3695 1292 3790 1350 tot

527 1384 767 1466 gradus
811 1383 1067 1449 nomine
1112 1383 1358 1449 comitis
1420 1390 1679 1468 propter
1735 1390 1847 1448 tua
1905 1384 2301 1448 incrementa
2362 1384 2682 1467 congesti:
2753 1405 2832 1450 ex
2894 1393 3003 1449 tuo
3062 1385 3289 1451 merito
3345 1393 3408 1451 te
3467 1408 3543 1451 ac
3602 1396 3787 1471 patre

527 1488 924 1573 principibus
971 1491 1317 1570 quaestura
1364 1486 1717 1552 communis
1763 1493 1827 1551 et
1870 1486 1964 1550 tui
2007 1493 2257 1551 tantum
2303 1486 2711 1571 praefectura
2754 1486 3084 1569 beneficii,
3153 1509 3317 1572 quae
3363 1495 3428 1554 et
3470 1489 3618 1575 ipsa
3661 1511 3785 1556 non

524 1591 663 1656 vult
706 1591 844 1655 vice
890 1589 1168 1674 simplici
1213 1589 1548 1671 gratulari,
1602 1588 1937 1655 liberalius
1970 1589 2182 1654 divisa
2212 1611 2404 1672 quam
2435 1590 2673 1671 iuncta,
2729 1611 2873 1656 cum
2905 1597 3239 1657 teneamus
3271 1592 3399 1657 duo
3440 1593 3777 1677 integrum,

534 1699 760 1759 neuter
805 1693 1135 1758 desiderat
1181 1698 1569 1777 separatum.

698 1797 816 1860 III.
876 1800 977 1860 12.
1029 1795 1158 1861 Sed
1188 1796 1325 1876 illa,
1380 1801 1449 1859 ut
1480 1794 1676 1879 paulo
1714 1801 1864 1860 ante
1894 1794 2177 1878 promisi,
2230 1795 2561 1861 habebunt
2593 1797 2694 1862 sui
2740 1796 3023 1862 muneris
3069 1798 3397 1881 peculiare
3430 1807 3783 1865 secretum:

524 1899 895 1965 consulatus
940 1899 1046 1964 hic
1090 1917 1272 1963 meus
1316 1904 1456 1963 orat
1499 1905 1693 1980 atque
1737 1899 2050 1977 obsecrat,
2104 1905 2173 1963 ut
2216 1899 2557 1965 obnoxiam
2604 1899 2719 1966 tibi
2767 1900 2877 1964 uni
2924 1901 3101 1965 sinas
3147 1901 3285 1966 fieri
3332 1901 3471 1967 eius
3507 1902 3791 1984 dignita-

524 2008 688 2080 tem,
741 2022 930 2084 quem
975 2002 1269 2067 omnibus
1312 2002 1695 2086 praetulisti.
1789 2008 1942 2084 quot
1984 1999 2246 2083 quidem
2306 2009 2372 2067 et
2414 2002 2557 2085 ipse
2604 2002 2728 2067 sibi
2788 2003 3036 2068 invenit
3093 2003 3366 2086 gradus!
3473 2009 3574 2069 13.
3641 2026 3785 2071 cum

525 2105 880 2171 clarissimo
925 2104 1061 2170 viro
1075 2100 1362 2188 ‘collega
1405 2125 1547 2170 meo
1592 2104 1832 2169 honore
1878 2104 2273 2185 coniunctus,
2327 2104 2802 2189 nuncupatione
2849 2107 3176 2189 praelatus
3216 2108 3439 2172 consul
3471 2128 3613 2192 ego,
3667 2110 3790 2174 im-

526 2215 782 2293 perator
823 2199 1147 2292 Auguste,
1216 2227 1481 2273 munere
1525 2214 1632 2273 tuo
1678 2227 1803 2272 non
1849 2226 2083 2291 passus
2130 2215 2358 2293 saepta
2401 2228 2611 2291 neque
2675 2228 2999 2292 campum,
3072 2229 3198 2274 non
3251 2210 3597 2293 suffragia,
3664 2232 3788 2277 non

524 2317 785 2396 puncta,
834 2331 964 2376 non
1009 2312 1274 2390 loculos,
1325 2312 1436 2393 qui
1481 2331 1609 2375 non
1655 2311 2094 2396 prensaverim
2139 2330 2371 2376 manus
2416 2331 2536 2377 nec
2581 2311 2994 2377 salutantium
3029 2312 3333 2379 confusus
3365 2333 3630 2379 occursu
3675 2322 3790 2380 aut

525 2435 645 2480 sua
688 2414 912 2479 amicis
956 2415 1214 2481 nomina
1258 2435 1384 2480 non
1430 2414 1821 2480 reddiderim
1867 2421 1980 2479 aut
2025 2415 2238 2480 aliena
2295 2415 2745 2498 imposuerim:
2809 2415 2917 2499 qui
2976 2415 3181 2481 tribus
3239 2436 3369 2481 non
3428 2418 3779 2495 circumivi,

523 2517 847 2583 centurias
891 2538 1016 2582 non
1062 2517 1362 2599 adulavi,
1426 2518 1673 2584 vocatis
1720 2517 2037 2611 classibus
2082 2539 2209 2583 non
2265 2518 2600 2600 intremui,
2667 2519 2830 2584 nihil
2893 2539 3036 2584 cum
3098 2526 3429 2601 sequestre
3488 2520 3779 2606 deposui,

525 2641 667 2685 cum
714 2620 1123 2687 distributore
1169 2621 1262 2685 nil
1308 2621 1553 2706 pepigi.
1633 2623 1958 2687 Romanus
2002 2622 2302 2706 populus,
2354 2622 2625 2687 Martius
2659 2642 2942 2707 campus,
2999 2629 3297 2704 equester
3327 2624 3502 2706 ordo,
3556 2631 3780 2707 rostra,

524 2723 750 2803 ovilia,
806 2732 1104 2805 senatus,
1158 2724 1362 2805 curia,
1418 2744 1584 2790 unus
1629 2725 1787 2789 mihi
1833 2725 2047 2790 omnia
2092 2724 2463 2790 Gratianus.
2565 2731 2666 2789 14.
2716 2725 2856 2790 iure
2901 2745 3073 2806 meo,
3141 2725 3433 2810 Auguste
3479 2728 3778 2810 maxime,

523 2827 865 2892 adfirmare
911 2846 1208 2911 possum,
1269 2827 1577 2892 incolumi
1632 2828 1912 2892 omnium
1959 2827 2206 2911 gratia,
2278 2828 2390 2909 qui
2449 2828 2543 2892 ad.
2595 2828 2766 2893 hunc
2825 2829 3127 2895 honorem
3179 2829 3437 2895 diversa
3481 2851 3783 2913 umquam

523 2930 756 2996 virtute
800 2938 1113 2996 venerunt
1171 2931 1548 3014 venturique
1610 2938 1758 2997 sunt
1812 2934 1986 3013 (suus
2047 2930 2217 2996 enim
2278 2932 2507 3014 cuique
2568 2931 2858 3012 animus,
2926 2952 3113 2997 suum
3172 2932 3469 2999 meritum
3533 2935 3784 3019 sibique

523 3054 704 3099 mens
750 3034 1007 3100 conscia
1051 3038 1194 3116 est),
1246 3034 1406 3115 iure,
1459 3035 1743 3116 inquam,
1796 3054 1938 3099 meo
1983 3033 2325 3099 adfirmare
2370 3054 2630 3119 possum
2678 3055 2780 3101 me
2825 3035 2983 3100 mihi
3028 3035 3236 3101 videri
3280 3056 3322 3100 a
3367 3037 3595 3102 ceteris
3640 3058 3784 3103 esse

525 3143 859 3202 secretum.
961 3142 1060 3203 15.
1113 3144 1263 3203 sunt
1308 3156 1467 3221 quos
1512 3146 1797 3203 votorum
1846 3138 2172 3204 excruciat
2214 3138 2530 3204 inanitas:
2584 3158 2710 3203 non
2754 3140 2995 3224 optavi.
3066 3158 3228 3222 quos
3274 3146 3530 3205 exercet
3574 3142 3783 3206 ambi-

522 3248 658 3305 tus:
714 3261 841 3306 non
886 3242 1110 3326 petivi.
1193 3241 1302 3325 qui
1348 3241 1728 3307 assiduitate
1775 3242 2168 3326 exprimunt:
2224 3262 2351 3307 non
2398 3242 2599 3324 coegi.
2679 3243 2789 3326 qui
2835 3242 3189 3309 offeruntur
3233 3243 3604 3310 occasione:
3657 3266 3783 3311 non

522 3344 699 3409 affui.
793 3364 952 3427 quos
997 3345 1175 3409 iuvat
1218 3345 1580 3429 opulentia:
1650 3346 1862 3410 obstat
1903 3352 2258 3429 temporum
2306 3345 2682 3429 disciplina:
2749 3366 2877 3411 non
2930 3345 3089 3411 emi:
3160 3366 3278 3412 nec
3323 3364 3582 3431 possum
3630 3368 3783 3414 con-

521 3447 856 3513 tinentiam
899 3448 1168 3514 iactare:
1237 3468 1362 3513 non
1409 3448 1627 3513 habui.
1724 3468 1920 3512 unum
1966 3455 2296 3532 praestare
2342 3449 2687 3532 temptavi,
2754 3456 2818 3514 et
2873 3449 2991 3514 hoc
3048 3449 3264 3534 ipsum
3324 3450 3508 3531 quasi
3569 3472 3780 3518 meum

521 3550 850 3644 vindicare
894 3571 1021 3616 non
1064 3570 1357 3635 possum:
1411 3551 1477 3616 in
1523 3559 1637 3617 tua
1681 3552 1849 3617 enim
1895 3552 2172 3635 positum
2219 3558 2319 3617 est
2363 3552 2681 3635 opinione,
2737 3552 2794 3616 si
2840 3552 3064 3616 merui.
3111 3574 3115 3579 ·

693 3654 846 3718 IIII.
905 3659 1001 3717 16.
1056 3654 1293 3720 Fecisti
1324 3661 1538 3720 autem
1572 3661 1637 3720 et
1667 3654 1867 3721 facies
1913 3655 2076 3719 alios
2122 3674 2376 3738 quoque
2421 3656 2735 3733 consules,
2792 3655 3082 3740 piissime
3117 3655 3445 3736 Gratiane,
3500 3658 3616 3724 sed
3649 3679 3776 3724 non

523 3765 586 3823 et
630 3777 828 3822 causa
873 3756 1032 3840 pari,
1087 3757 1258 3821 viros
1302 3758 1548 3840 gloriae
1594 3758 1889 3823 militaris
1948 3757 2206 3837 (habent
2263 3758 2432 3823 enim
2479 3764 2688 3823 tecum
2738 3765 2808 3824 ut
2851 3777 3105 3843 semper
3147 3761 3389 3827 laboris
3432 3759 3524 3825 ita
3568 3760 3783 3843 digni-

522 3861 674 3926 tatis
717 3861 1091 3944 plerumque
1138 3860 1544 3940 consortium,
1597 3861 1852 3926 virtutis
1898 3881 2090 3943 quam
2135 3860 2394 3926 honoris
2440 3861 2799 3944 antiquiore
2847 3861 3171 3947 collegio),
3226 3865 3398 3931 viros
3427 3864 3781 3929 nobilitatis

523 3962 825 4045 antiquae
880 3962 1134 4046 (dantur
1179 3964 1347 4028 enim
1394 3964 1598 4028 multa
1642 3963 2004 4029 nominibus
2050 3971 2115 4030 et
2159 3970 2256 4029 est
2303 3971 2575 4030 stemma
2621 3984 2732 4048 pro
2779 3963 3052 4047 merito),
3123 3966 3297 4033 viros
3353 3967 3484 4032 fide
3527 3967 3782 4034 inclitos

524 4073 588 4131 et
630 4065 860 4131 officiis
904 4067 1238 4150 probatos,
1302 4087 1568 4150 quorum
1615 4088 1719 4133 me
1764 4068 2016 4134 etiamsi
2061 4088 2187 4133 non
2234 4087 2499 4134 secerno
2544 4087 2843 4147 numero,
2910 4076 3127 4135 tamen
3174 4071 3343 4154 quod
3390 4071 3476 4135 ad
3522 4072 3781 4137 honoris

522 4169 696 4234 viam·
739 4169 1016 4254 pertinet
1058 4170 1302 4236 ratione
1347 4170 1677 4255 dispertio.
1759 4176 1856 4235 17.
1910 4178 2205 4253 quartum
2251 4172 2423 4237 hunc
2466 4171 2737 4255 gradum
2785 4171 2933 4236 novi
2979 4172 3274 4239 beneficii
3319 4181 3409 4256 tu,
3460 4175 3771 4258 Auguste,

524 4272 890 4337 constituis:
960 4272 1220 4339 differre
1263 4272 1380 4339 tibi
1423 4274 1581 4356 ipsi,
1652 4295 1776 4358 quo
1838 4275 2004 4340 alter
2061 4281 2352 4357 ornetur,
2418 4274 2588 4340 bona
2644 4275 2844 4340 animi
2903 4277 2995 4341 tui
3055 4276 3141 4341 ad
3199 4277 3480 4342 alienam
3539 4277 3780 4343 referre

695 4516 785 4565 111.
830 4515 860 4563 5
899 4515 1073 4564 Claud.
1116 4516 1264 4566 Mam.
1307 4525 1430 4576 grat.
1472 4522 1569 4565 act.
1610 4518 1703 4568 Iul.
1749 4518 1796 4568 d.
1843 4517 1905 4568 19

701 4739 761 4788 12
797 4742 1128 4789 alemanicum
1161 4740 1275 4788 TcE
1297 4745 1342 4788 et
1365 4738 1418 4787 1ιῖ
1450 4741 1519 4802 (in
1541 4756 1642 4801 my.
1672 4742 1722 4790 a}
1747 4742 2118 4802 alemanicum),
2158 4743 2523 4806 alamannicum
2552 4741 2708 4802 Mmu,
2749 4743 3077 4789 alamanicum
3102 4748 3191 4791 cet.
3391 4743 3664 4791 tradicione
3693 4743 3779 4791 me

531 4828 589 4876 13
628 4832 974 4876 connecterem
1013 4843 1073 4888 ω,
1117 4832 1373 4876 conectere
1409 4842 1497 4888 eqo
1741 4828 2030 4876 foelicitatis
2077 4829 2116 4876 Τ
2158 4829 2376 4890 (semper)
2632 4827 2695 4876 15
2733 4825 2985 4894 nec2h²eE
3015 4830 3161 4888 volyo
3415 4826 3476 4875 16
3513 4829 3777 4891 aliquando

529 4913 703 4974 Daph.
919 4912 985 4963 20
1023 4915 1283 4975 beneflciis
1324 4915 1366 4960 T
1469 4927 1474 4930 ²

694 5001 789 5049 111.
836 4999 857 5048 1
900 5002 982 5049 sui
1008 5002 1233 5048 muneris
1256 5013 1354 5048 om.
1385 5001 1424 5046 T
1592 4999 1623 5047 2
1649 5002 1921 5048 obnoxium
1954 5000 1994 5047 T
2155 5001 2401 5060 dignitate
2432 5000 2473 5045 T
2648 5000 2678 5048 3
2704 5000 2837 5061 quod
2865 5013 2927 5061 ω,
2957 5007 3081 5061 quot
3111 5000 3221 5047 Toll
3381 4997 3605 5066 invenit]
3629 5002 3776 5048 iunc-

522 5089 598 5133 xit
633 5086 810 5146 Haupt
1018 5085 1050 5134 6
1088 5088 1425 5148 pressauerim
1471 5086 1526 5146 T,
1567 5075 1984 5148 prebensauer⁸m
2023 5084 2076 5132 1ιῖ
2117 5087 2188 5147 (in
2210 5101 2306 5146 my.
2350 5084 2400 5132 a}
2431 5084 2713 5146 psuu'im),
2753 5084 3033 5146 §senuerim
3072 5084 3159 5131 Mk
3367 5085 3673 5134 salutantum
3700 5086 3771 5146 M,

520 5186 634 5221 cum
672 5174 1005 5221 salutantium
1054 5170 1216 5231 Ven.³‚
1257 5174 1682 5221 consalutandum
1731 5173 1838 5221 Vin.
1878 5174 2019 5233 υοίρο
2257 5172 2284 5219 7
2325 5167 2434 5237 aut]
2475 5177 2534 5218 ut
2571 5171 2628 5217 M
2831 5172 3043 5218 circuiui
3087 5171 3127 5217 T
3354 5169 3383 5218 8
3422 5167 3629 5237 vocatis]
3664 5172 3775 5219 iure

522 5260 706 5309 vocatis
742 5259 981 5307 Graevius
1016 5261 1184 5319 volyo;
1224 5260 1290 5320 cf.
1323 5262 1372 5320 9,
1407 5262 1470 5307 19
1678 5258 1990 5308 scribendum
2026 5272 2125 5307 cose
2161 5257 2357 5306 videtur
2390 5258 2618 5320 disposui
2826 5259 2857 5306 9
2894 5257 3150 5304 diribitore
3190 5255 3306 5305 Par.
3335 5258 3474 5318 volqo
3684 5271 3774 5319 pe-

520 5347 632 5407 pegi
675 5345 718 5392 T
965 5345 1026 5393 10
1064 5345 1331 5393 Gratianus
1367 5360 1463 5394 om.
1501 5346 1542 5392 T
1789 5345 1845 5394 11
1886 5347 2141 5394 adfirmare
2181 5344 2249 5404 M,
2292 5345 2542 5393 affirmare
2577 5349 2664 5394 cet.
2878 5358 3082 5405 possum
3118 5345 3225 5392 om.'
3254 5344 3294 5390 T
3539 5344 3599 5391 13
3636 5345 3774 5391 affir-

521 5446 653 5480 mare
692 5447 735 5479 ω
950 5431 1010 5479 14
1048 5434 1304 5479 excruciat
1341 5431 1412 5494 M,
1455 5433 1642 5480 cruciat
1678 5429 1730 5477 1ιῖ
1774 5434 1844 5492 (in
1865 5448 1965 5493 my.
2008 5430 2057 5478 a}
2081 5430 2354 5489 excruciat)
2394 5435 2482 5478 cet.
2512 5431 2655 5489 volvo
2870 5429 2931 5478 15
2970 5431 3251 5476 afferuntur
3296 5429 3337 5475 T
3549 5427 3607 5477 17
3646 5435 3775 5478 tem-

522 5520 624 5565 taut
665 5517 722 5565 M
931 5516 992 5566 18
1029 5518 1251 5565 iudicare
1297 5518 1385 5576 Tk,
1426 5519 1693 5566 uendit-are
1730 5522 1820 5566 cet.
2033 5518 2302 5578 oppinione
2342 5517 2399 5563 M

698 5604 815 5652 1111.
862 5603 881 5652 1
925 5599 1117 5668 autem]
1154 5607 1242 5650 aut
1283 5604 1324 5649 T
1532 5603 1708 5651 faciles
1749 5602 1800 5649 M
2006 5615 2204 5665 quoque
2241 5603 2366 5650 alios
2405 5602 2461 5648 M
2665 5603 2697 5650 4
2731 5603 2870 5650 enim
2907 5616 3003 5650 om.
3045 5602 3087 5647 T
3290 5614 3421 5648 roma
3458 5615 3520 5662 ω,
3564 5605 3774 5648 stemma

523 5690 775 5748 Heimim,
816 5690 990 5750 Haupt
1196 5691 1412 5747 inclytos
1442 5689 1483 5735 T
1692 5688 1722 5735 5
1761 5690 1856 5736 etsi
1878 5687 2132 5748 pmuh2eE
2151 5689 2296 5748 volyo
2506 5688 2538 5737 6
2574 5688 2641 5735 bn
2667 5672 2762 5735 offi‘
2784 5688 2825 5734 T
3021 5689 3098 5734 tui
3133 5687 3241 5734 Toll
3262 5688 3404 5745 volyo
3615 5685 3642 5733 7
3681 5685 3774 5733 de-

523 5777 651 5825 ferre
689 5791 731 5824 ω
777 5776 1050 5838 (detrahere
1084 5791 1135 5838 p,
1179 5775 1406 5823 eti-abere
1442 5772 1515 5821 m²
1550 5778 1603 5822 in
1639 5775 1786 5836 ται),
1824 5777 2017 5824 auferre
2057 5773 2299 5824 Graevius
2335 5776 2493 5836 cotye,
2538 5772 2737 5821 differre
2778 5772 3054 5821 Mommsen
