<?xml version="1.0" encoding="UTF-8"?>
<!DOCTYPE html PUBLIC "-//W3C//DTD XHTML 1.0 Transitional//EN"
    "http://www.w3.org/TR/xhtml1/DTD/xhtml1-transitional.dtd">
<html xmlns="http://www.w3.org/1999/xhtml" xml:lang="en" lang="en">
 <head>
  <title>
</title>
<meta http-equiv="Content-Type" content="text/html;charset=utf-8" />
  <meta name='ocr-system' content='tesseract 3.04.00' />
  <meta name='ocr-capabilities' content='ocr_page ocr_carea ocr_par ocr_line ocrx_word'/>
</head>
<body>
  <div class='ocr_page' id='page_1' title='image "./dmagniavsoniiop02ausogoog_0024.png"; bbox 0 0 4630 6435; ppageno 0'>
   <div class='ocr_carea' id='block_1_1' title="bbox 833 459 2681 523">
    <p class='ocr_par' dir='ltr' id='par_1_1' title="bbox 833 459 2681 523">
     <span class='ocr_line' id='line_1_1' title="bbox 833 459 2681 523; baseline -0.006 1"><span class='ocrx_word' id='word_1_1' title='bbox 833 460 1053 523; x_wconf 86' lang='lat' dir='ltr'>XVIII</span> <span class='ocrx_word' id='word_1_2' title='bbox 2221 459 2681 515; x_wconf 75' lang='lat' dir='ltr'>PROOEMIVM.</span> 
     </span>
    </p>
   </div>
   <div class='ocr_carea' id='block_1_2' title="bbox 829 646 4083 1248">
    <p class='ocr_par' dir='ltr' id='par_1_2' title="bbox 829 646 4083 1248">
     <span class='ocr_line' id='line_1_2' title="bbox 833 646 4083 768; baseline 0.001 -21"><span class='ocrx_word' id='word_1_3' title='bbox 833 689 1426 747; x_wconf 79' lang='lat' dir='ltr'>commemorantur.</span> <span class='ocrx_word' id='word_1_4' title='bbox 1520 703 1598 748; x_wconf 86' lang='lat' dir='ltr'>ac</span> <span class='ocrx_word' id='word_1_5' title='bbox 1644 682 1905 747; x_wconf 84' lang='lat' dir='ltr'>Gallum</span> <span class='ocrx_word' id='word_1_6' title='bbox 1964 682 2165 748; x_wconf 87' lang='lat' dir='ltr'>fuisse</span> <span class='ocrx_word' id='word_1_7' title='bbox 2222 682 2710 767; x_wconf 85' lang='lat' dir='ltr'>grammaticum</span> <span class='ocrx_word' id='word_1_8' title='bbox 2770 682 2950 747; x_wconf 91' lang='lat' dir='ltr'>illum</span> <span class='ocrx_word' id='word_1_9' title='bbox 3011 703 3135 748; x_wconf 91' lang='lat' dir='ltr'>non</span> <span class='ocrx_word' id='word_1_10' title='bbox 3171 646 3321 749; x_wconf 66' lang='lat' dir='ltr'>sine</span> <span class='ocrx_word' id='word_1_11' title='bbox 3368 682 3502 749; x_wconf 87' lang='lat' dir='ltr'>veri</span> <span class='ocrx_word' id='word_1_12' title='bbox 3550 684 3763 768; x_wconf 89' lang='lat' dir='ltr'>specie</span> <span class='ocrx_word' id='word_1_13' title='bbox 3809 685 4083 751; x_wconf 89' lang='lat' dir='ltr'>coniecit</span> 
     </span>
     <span class='ocr_line' id='line_1_3' title="bbox 831 801 4072 889; baseline 0.001 -21"><span class='ocrx_word' id='word_1_14' title='bbox 831 803 1143 888; x_wconf 89' lang='lat' dir='ltr'>Peiperus</span> <span class='ocrx_word' id='word_1_15' title='bbox 1189 803 1234 867; x_wconf 94' lang='lat' dir='ltr'>l.</span> <span class='ocrx_word' id='word_1_16' title='bbox 1288 823 1343 867; x_wconf 92' lang='lat' dir='ltr'>c.</span> <span class='ocrx_word' id='word_1_17' title='bbox 1394 824 1457 887; x_wconf 91' lang='lat' dir='ltr'>p.</span> <span class='ocrx_word' id='word_1_18' title='bbox 1510 805 1658 866; x_wconf 82' lang='lat'>297.</span> <span class='ocrx_word' id='word_1_19' title='bbox 1752 802 1809 868; x_wconf 90' lang='lat' dir='ltr'>is</span> <span class='ocrx_word' id='word_1_20' title='bbox 1865 801 2058 886; x_wconf 85' lang='lat' dir='ltr'>igitur</span> <span class='ocrx_word' id='word_1_21' title='bbox 2101 802 2368 868; x_wconf 89' lang='lat' dir='ltr'>Ausonii</span> <span class='ocrx_word' id='word_1_22' title='bbox 2429 803 2727 889; x_wconf 83' lang='lat' dir='ltr'>exemplo</span> <span class='ocrx_word' id='word_1_23' title='bbox 2787 822 2941 868; x_wconf 88' lang='lat' dir='ltr'>usus</span> <span class='ocrx_word' id='word_1_24' title='bbox 2993 809 3096 868; x_wconf 88' lang='lat' dir='ltr'>est</span> <span class='ocrx_word' id='word_1_25' title='bbox 3136 823 3248 883; x_wconf 92' lang='lat' dir='ltr'>e0,</span> <span class='ocrx_word' id='word_1_26' title='bbox 3316 803 3485 887; x_wconf 88' lang='lat' dir='ltr'>quod</span> <span class='ocrx_word' id='word_1_27' title='bbox 3527 825 3697 869; x_wconf 90' lang='lat' dir='ltr'>nunc</span> <span class='ocrx_word' id='word_1_28' title='bbox 3742 805 4072 888; x_wconf 85' lang='lat' dir='ltr'>habemus,</span> 
     </span>
     <span class='ocr_line' id='line_1_4' title="bbox 829 922 4079 1008; baseline 0.002 -21"><span class='ocrx_word' id='word_1_29' title='bbox 829 923 1161 1006; x_wconf 84' lang='lat' dir='ltr'>aliquanto</span> <span class='ocrx_word' id='word_1_30' title='bbox 1219 922 1605 1006; x_wconf 84' lang='lat' dir='ltr'>integriore:</span> <span class='ocrx_word' id='word_1_31' title='bbox 1673 929 1803 987; x_wconf 88' lang='lat' dir='ltr'>tres</span> <span class='ocrx_word' id='word_1_32' title='bbox 1863 923 2032 989; x_wconf 89' lang='lat' dir='ltr'>enim</span> <span class='ocrx_word' id='word_1_33' title='bbox 2092 943 2318 989; x_wconf 84' lang='lat' dir='ltr'>versus</span> <span class='ocrx_word' id='word_1_34' title='bbox 2373 926 2498 1008; x_wconf 88' lang='lat' dir='ltr'>(pp.</span> <span class='ocrx_word' id='word_1_35' title='bbox 2554 926 2700 1004; x_wconf 83' lang='lat'>579,</span> <span class='ocrx_word' id='word_1_36' title='bbox 2756 925 2816 987; x_wconf 88' lang='lat'>3.</span> <span class='ocrx_word' id='word_1_37' title='bbox 2869 924 3015 1005; x_wconf 85' lang='lat'><strong>582,</strong></span> <span class='ocrx_word' id='word_1_38' title='bbox 3071 926 3174 988; x_wconf 83' lang='lat'>27.</span> <span class='ocrx_word' id='word_1_39' title='bbox 3230 926 3376 1003; x_wconf 82' lang='lat'><strong>589,</strong></span> <span class='ocrx_word' id='word_1_40' title='bbox 3430 926 3488 1007; x_wconf 84' lang='lat'>6)</span> <span class='ocrx_word' id='word_1_41' title='bbox 3553 945 3634 989; x_wconf 85' lang='lat' dir='ltr'>ex</span> <span class='ocrx_word' id='word_1_42' title='bbox 3693 926 4079 992; x_wconf 79' lang='lat' dir='ltr'>carminibus</span> 
     </span>
     <span class='ocr_line' id='line_1_5' title="bbox 829 1042 4079 1128; baseline 0.002 -22"><span class='ocrx_word' id='word_1_43' title='bbox 829 1042 1217 1108; x_wconf 85' lang='lat' dir='ltr'>Ausonianis</span> <span class='ocrx_word' id='word_1_44' title='bbox 1263 1043 1519 1124; x_wconf 87' lang='lat' dir='ltr'>adtulit,</span> <span class='ocrx_word' id='word_1_45' title='bbox 1572 1043 1682 1127; x_wconf 92' lang='lat' dir='ltr'>qui</span> <span class='ocrx_word' id='word_1_46' title='bbox 1726 1043 1792 1106; x_wconf 91' lang='lat' dir='ltr'>in</span> <span class='ocrx_word' id='word_1_47' title='bbox 1838 1043 2165 1109; x_wconf 81' lang='lat' dir='ltr'><strong>codicibus</strong></span> <span class='ocrx_word' id='word_1_48' title='bbox 2210 1042 2447 1108; x_wconf 90' lang='lat' dir='ltr'>nostris</span> <span class='ocrx_word' id='word_1_49' title='bbox 2491 1063 2617 1107; x_wconf 88' lang='lat' dir='ltr'>non</span> <span class='ocrx_word' id='word_1_50' title='bbox 2664 1043 2983 1126; x_wconf 86' lang='lat' dir='ltr'>leguntur.</span> <span class='ocrx_word' id='word_1_51' title='bbox 3071 1042 3241 1109; x_wconf 87' lang='lat' dir='ltr'>unde</span> <span class='ocrx_word' id='word_1_52' title='bbox 3285 1043 3412 1108; x_wconf 82' lang='lat' dir='ltr'>iam</span> <span class='ocrx_word' id='word_1_53' title='bbox 3459 1064 3572 1128; x_wconf 93' lang='lat' dir='ltr'>pro</span> <span class='ocrx_word' id='word_1_54' title='bbox 3618 1051 3789 1110; x_wconf 88' lang='lat' dir='ltr'>certo</span> <span class='ocrx_word' id='word_1_55' title='bbox 3835 1046 4079 1110; x_wconf 86' lang='lat' dir='ltr'>haben-</span> 
     </span>
     <span class='ocr_line' id='line_1_6' title="bbox 831 1162 4078 1248; baseline 0.001 -20"><span class='ocrx_word' id='word_1_56' title='bbox 831 1164 982 1228; x_wconf 90' lang='lat' dir='ltr'>dum</span> <span class='ocrx_word' id='word_1_57' title='bbox 1042 1170 1141 1229; x_wconf 91' lang='lat' dir='ltr'>est</span> <span class='ocrx_word' id='word_1_58' title='bbox 1197 1163 1299 1228; x_wconf 88' lang='lat' dir='ltr'>his</span> <span class='ocrx_word' id='word_1_59' title='bbox 1357 1163 1752 1248; x_wconf 81' lang='lat' dir='ltr'>temporibus</span> <span class='ocrx_word' id='word_1_60' title='bbox 1809 1163 1877 1227; x_wconf 91' lang='lat' dir='ltr'>in</span> <span class='ocrx_word' id='word_1_61' title='bbox 1924 1163 2142 1228; x_wconf 88' lang='lat' dir='ltr'>Gallia</span> <span class='ocrx_word' id='word_1_62' title='bbox 2197 1162 2265 1228; x_wconf 89' lang='lat' dir='ltr'>in</span> <span class='ocrx_word' id='word_1_63' title='bbox 2327 1164 2605 1246; x_wconf 86' lang='lat' dir='ltr'>quadam</span> <span class='ocrx_word' id='word_1_64' title='bbox 2668 1162 2845 1227; x_wconf 89' lang='lat' dir='ltr'>curia</span> <span class='ocrx_word' id='word_1_65' title='bbox 2900 1163 3346 1228; x_wconf 88' lang='lat' dir='ltr'>canonicorum</span> <span class='ocrx_word' id='word_1_66' title='bbox 3400 1165 3502 1229; x_wconf 84' lang='lat' dir='ltr'>vel</span> <span class='ocrx_word' id='word_1_67' title='bbox 3552 1166 3936 1231; x_wconf 86' lang='lat' dir='ltr'>monasterio</span> <span class='ocrx_word' id='word_1_68' title='bbox 3983 1167 4078 1230; x_wconf 88' lang='lat' dir='ltr'>in-</span> 
     </span>
    </p>
   </div>
   <div class='ocr_carea' id='block_1_3' title="bbox 828 1282 2853 1369">
    <p class='ocr_par' dir='ltr' id='par_1_3' title="bbox 828 1282 2853 1369">
     <span class='ocr_line' id='line_1_7' title="bbox 828 1282 2853 1369; baseline -0 -21"><span class='ocrx_word' id='word_1_69' title='bbox 828 1291 1075 1366; x_wconf 83' lang='lat' dir='ltr'>tegrum</span> <span class='ocrx_word' id='word_1_70' title='bbox 1123 1284 1571 1367; x_wconf 81' lang='lat' dir='ltr'>opusculorum</span> <span class='ocrx_word' id='word_1_71' title='bbox 1617 1283 2130 1348; x_wconf 86' lang='lat' dir='ltr'>Ausonianorum</span> <span class='ocrx_word' id='word_1_72' title='bbox 2177 1284 2512 1369; x_wconf 84' lang='lat' dir='ltr'>exemplar</span> <span class='ocrx_word' id='word_1_73' title='bbox 2555 1282 2757 1347; x_wconf 86' lang='lat' dir='ltr'>fuisse</span> <span class='ocrx_word' id='word_1_74' title='bbox 2780 1285 2853 1366; x_wconf 75' lang='lat'>³³).</span> 
     </span>
    </p>
   </div>
   <div class='ocr_carea' id='block_1_4' title="bbox 2360 1747 2540 1822">
    <p class='ocr_par' dir='ltr' id='par_1_4' title="bbox 2360 1747 2540 1822">
     <span class='ocr_line' id='line_1_8' title="bbox 2360 1747 2540 1822; baseline 0 0"><span class='ocrx_word' id='word_1_75' title='bbox 2360 1747 2540 1822; x_wconf 89' lang='lat'>1111.</span> 
     </span>
    </p>
   </div>
   <div class='ocr_carea' id='block_1_5' title="bbox 466 1934 4077 2042">
    <p class='ocr_par' dir='ltr' id='par_1_5' title="bbox 466 1934 4077 2042">
     <span class='ocr_line' id='line_1_9' title="bbox 466 1934 4077 2042; baseline 0.003 -32"><span class='ocrx_word' id='word_1_76' title='bbox 466 1934 529 1997; x_wconf 57' lang='grc' dir='ltr'>[ΡΘ</span> <span class='ocrx_word' id='word_1_77' title='bbox 558 1935 799 1982; x_wconf 68' lang='lat'>⁰⁰⁶³⁶¹¹³¹¹⁸&#39;</span> <span class='ocrx_word' id='word_1_78' title='bbox 1006 1954 1149 2019; x_wconf 93' lang='lat' dir='ltr'>Duo</span> <span class='ocrx_word' id='word_1_79' title='bbox 1213 1961 1362 2019; x_wconf 89' lang='lat' dir='ltr'>sunt</span> <span class='ocrx_word' id='word_1_80' title='bbox 1418 1954 1709 2019; x_wconf 89' lang='lat' dir='ltr'>codicum</span> <span class='ocrx_word' id='word_1_81' title='bbox 1769 1975 2038 2038; x_wconf 85' lang='lat' dir='ltr'>genera,</span> <span class='ocrx_word' id='word_1_82' title='bbox 2109 1954 2342 2036; x_wconf 88' lang='lat' dir='ltr'>quibus</span> <span class='ocrx_word' id='word_1_83' title='bbox 2388 1954 2657 2019; x_wconf 87' lang='lat' dir='ltr'>Ausonii</span> <span class='ocrx_word' id='word_1_84' title='bbox 2703 1956 3014 2039; x_wconf 87' lang='lat' dir='ltr'>opuscula</span> <span class='ocrx_word' id='word_1_85' title='bbox 3058 1956 3145 2020; x_wconf 87' lang='lat' dir='ltr'>ad</span> <span class='ocrx_word' id='word_1_86' title='bbox 3190 1963 3471 2021; x_wconf 85' lang='lat' dir='ltr'>nostram</span> <span class='ocrx_word' id='word_1_87' title='bbox 3517 1958 3884 2022; x_wconf 82' lang='lat' dir='ltr'>memoriam</span> <span class='ocrx_word' id='word_1_88' title='bbox 3931 1978 4077 2042; x_wconf 91' lang='lat' dir='ltr'>per-</span> 
     </span>
    </p>
   </div>
   <div class='ocr_carea' id='block_1_6' title="bbox 416 1988 806 2079">
    <p class='ocr_par' dir='ltr' id='par_1_6' title="bbox 416 1988 806 2079">
     <span class='ocr_line' id='line_1_10' title="bbox 418 1988 806 2038; baseline 0.003 -12"><span class='ocrx_word' id='word_1_89' title='bbox 418 1988 577 2036; x_wconf 84' lang='lat' dir='ltr'>qmbus</span> <span class='ocrx_word' id='word_1_90' title='bbox 594 1990 806 2038; x_wconf 85' lang='lat' dir='ltr'>opuscula</span> 
     </span>
     <span class='ocr_line' id='line_1_11' title="bbox 416 2038 799 2079; baseline 0.01 -3"><span class='ocrx_word' id='word_1_91' title='bbox 416 2038 669 2079; x_wconf 78' lang='lat' dir='ltr'>Ausoniana</span> <span class='ocrx_word' id='word_1_92' title='bbox 697 2051 799 2079; x_wconf 77' lang='lat' dir='ltr'>con-</span> 
     </span>
    </p>
   </div>
   <div class='ocr_carea' id='block_1_7' title="bbox 518 2074 4075 2639">
    <p class='ocr_par' dir='ltr' id='par_1_7' title="bbox 518 2074 4075 2639">
     <span class='ocr_line' id='line_1_12' title="bbox 518 2074 4075 2162; baseline 0.001 -24"><span class='ocrx_word' id='word_1_93' title='bbox 518 2091 721 2130; x_wconf 68' lang='lat' dir='ltr'>tinentur</span> <span class='ocrx_word' id='word_1_94' title='bbox 826 2082 1159 2140; x_wconf 83' lang='lat' dir='ltr'>venerunt.</span> <span class='ocrx_word' id='word_1_95' title='bbox 1255 2081 1523 2157; x_wconf 89' lang='lat' dir='ltr'>utroque</span> <span class='ocrx_word' id='word_1_96' title='bbox 1584 2094 1709 2139; x_wconf 88' lang='lat' dir='ltr'>non</span> <span class='ocrx_word' id='word_1_97' title='bbox 1770 2094 1991 2139; x_wconf 88' lang='lat' dir='ltr'>omnes</span> <span class='ocrx_word' id='word_1_98' title='bbox 2047 2075 2314 2139; x_wconf 89' lang='lat' dir='ltr'>Ausonii</span> <span class='ocrx_word' id='word_1_99' title='bbox 2374 2074 2582 2139; x_wconf 88' lang='lat' dir='ltr'>libelli</span> <span class='ocrx_word' id='word_1_100' title='bbox 2642 2074 3075 2157; x_wconf 86' lang='lat' dir='ltr'>continentur,</span> <span class='ocrx_word' id='word_1_101' title='bbox 3143 2075 3261 2140; x_wconf 89' lang='lat' dir='ltr'>sed</span> <span class='ocrx_word' id='word_1_102' title='bbox 3318 2083 3621 2161; x_wconf 83' lang='lat' dir='ltr'>excerpta</span> <span class='ocrx_word' id='word_1_103' title='bbox 3678 2099 3758 2143; x_wconf 83' lang='lat' dir='ltr'>ex</span> <span class='ocrx_word' id='word_1_104' title='bbox 3819 2097 4075 2162; x_wconf 89' lang='lat' dir='ltr'>corpore</span> 
     </span>
     <span class='ocr_line' id='line_1_13' title="bbox 824 2194 4075 2281; baseline 0.001 -22"><span class='ocrx_word' id='word_1_105' title='bbox 824 2195 1152 2280; x_wconf 89' lang='lat' dir='ltr'>ampliore.</span> <span class='ocrx_word' id='word_1_106' title='bbox 1249 2201 1442 2278; x_wconf 85' lang='lat' dir='ltr'>atque</span> <span class='ocrx_word' id='word_1_107' title='bbox 1501 2194 1566 2258; x_wconf 90' lang='lat' dir='ltr'>in</span> <span class='ocrx_word' id='word_1_108' title='bbox 1626 2194 1855 2279; x_wconf 90' lang='lat' dir='ltr'>prioris</span> <span class='ocrx_word' id='word_1_109' title='bbox 1913 2194 2170 2276; x_wconf 84' lang='lat' dir='ltr'>generis</span> <span class='ocrx_word' id='word_1_110' title='bbox 2230 2194 2558 2260; x_wconf 88' lang='lat' dir='ltr'>codicibus</span> <span class='ocrx_word' id='word_1_111' title='bbox 2619 2194 2912 2258; x_wconf 89' lang='lat' dir='ltr'>omnibus</span> <span class='ocrx_word' id='word_1_112' title='bbox 2957 2195 3184 2259; x_wconf 87' lang='lat' dir='ltr'>eadem</span> <span class='ocrx_word' id='word_1_113' title='bbox 3230 2197 3540 2280; x_wconf 86' lang='lat' dir='ltr'>opuscula</span> <span class='ocrx_word' id='word_1_114' title='bbox 3584 2198 3916 2281; x_wconf 82' lang='lat' dir='ltr'>leguntur;</span> <span class='ocrx_word' id='word_1_115' title='bbox 3979 2198 4075 2262; x_wconf 85' lang='lat' dir='ltr'>al-</span> 
     </span>
     <span class='ocr_line' id='line_1_14' title="bbox 822 2313 4072 2401; baseline 0.001 -21"><span class='ocrx_word' id='word_1_116' title='bbox 822 2322 1024 2380; x_wconf 90' lang='lat' dir='ltr'>terum</span> <span class='ocrx_word' id='word_1_117' title='bbox 1086 2334 1294 2399; x_wconf 84' lang='lat' dir='ltr'>genus</span> <span class='ocrx_word' id='word_1_118' title='bbox 1355 2335 1515 2396; x_wconf 84' lang='lat' dir='ltr'>quos</span> <span class='ocrx_word' id='word_1_119' title='bbox 1561 2315 1842 2379; x_wconf 88' lang='lat' dir='ltr'>continet</span> <span class='ocrx_word' id='word_1_120' title='bbox 1886 2313 2140 2380; x_wconf 89' lang='lat' dir='ltr'>libellos</span> <span class='ocrx_word' id='word_1_121' title='bbox 2186 2314 2252 2377; x_wconf 91' lang='lat' dir='ltr'>in</span> <span class='ocrx_word' id='word_1_122' title='bbox 2298 2313 2732 2397; x_wconf 88' lang='lat' dir='ltr'>compluribus</span> <span class='ocrx_word' id='word_1_123' title='bbox 2780 2314 3105 2380; x_wconf 88' lang='lat' dir='ltr'>codicibus</span> <span class='ocrx_word' id='word_1_124' title='bbox 3152 2316 3415 2383; x_wconf 85' lang='lat' dir='ltr'>exhibet</span> <span class='ocrx_word' id='word_1_125' title='bbox 3459 2317 3813 2401; x_wconf 88' lang='lat' dir='ltr'>dispersos.</span> <span class='ocrx_word' id='word_1_126' title='bbox 3906 2317 4072 2383; x_wconf 90' lang='lat' dir='ltr'>unde</span> 
     </span>
     <span class='ocr_line' id='line_1_15' title="bbox 821 2433 4073 2521; baseline 0 -20"><span class='ocrx_word' id='word_1_127' title='bbox 821 2436 946 2501; x_wconf 88' lang='lat' dir='ltr'>iam</span> <span class='ocrx_word' id='word_1_128' title='bbox 1006 2442 1187 2520; x_wconf 87' lang='lat' dir='ltr'>patet</span> <span class='ocrx_word' id='word_1_129' title='bbox 1245 2436 1538 2500; x_wconf 90' lang='lat' dir='ltr'>omnibus</span> <span class='ocrx_word' id='word_1_130' title='bbox 1601 2435 1896 2514; x_wconf 89' lang='lat' dir='ltr'>demum,</span> <span class='ocrx_word' id='word_1_131' title='bbox 1963 2454 2128 2517; x_wconf 89' lang='lat' dir='ltr'>quae</span> <span class='ocrx_word' id='word_1_132' title='bbox 2188 2433 2429 2517; x_wconf 85' lang='lat' dir='ltr'>singuli</span> <span class='ocrx_word' id='word_1_133' title='bbox 2490 2433 2744 2499; x_wconf 87' lang='lat' dir='ltr'>codices</span> <span class='ocrx_word' id='word_1_134' title='bbox 2802 2436 3060 2520; x_wconf 88' lang='lat' dir='ltr'>propria</span> <span class='ocrx_word' id='word_1_135' title='bbox 3119 2456 3196 2501; x_wconf 85' lang='lat' dir='ltr'>ae</span> <span class='ocrx_word' id='word_1_136' title='bbox 3256 2437 3612 2521; x_wconf 83' lang='lat' dir='ltr'>peculiaria</span> <span class='ocrx_word' id='word_1_137' title='bbox 3670 2437 3944 2518; x_wconf 86' lang='lat' dir='ltr'>habent,</span> <span class='ocrx_word' id='word_1_138' title='bbox 4011 2438 4073 2502; x_wconf 92' lang='lat' dir='ltr'>in</span> 
     </span>
     <span class='ocr_line' id='line_1_16' title="bbox 821 2552 3347 2639; baseline 0 -20"><span class='ocrx_word' id='word_1_139' title='bbox 821 2576 1015 2619; x_wconf 91' lang='lat' dir='ltr'>unum</span> <span class='ocrx_word' id='word_1_140' title='bbox 1063 2556 1470 2639; x_wconf 85' lang='lat' dir='ltr'>congregatis</span> <span class='ocrx_word' id='word_1_141' title='bbox 1516 2575 1744 2639; x_wconf 89' lang='lat' dir='ltr'>corpus</span> <span class='ocrx_word' id='word_1_142' title='bbox 1788 2554 2227 2619; x_wconf 86' lang='lat' dir='ltr'>Ausonianum</span> <span class='ocrx_word' id='word_1_143' title='bbox 2274 2552 2554 2634; x_wconf 85' lang='lat' dir='ltr'>quodam</span> <span class='ocrx_word' id='word_1_144' title='bbox 2602 2554 2788 2619; x_wconf 89' lang='lat' dir='ltr'>modo</span> <span class='ocrx_word' id='word_1_145' title='bbox 2835 2555 3085 2620; x_wconf 89' lang='lat' dir='ltr'>restitui</span> <span class='ocrx_word' id='word_1_146' title='bbox 3132 2575 3347 2638; x_wconf 87' lang='lat' dir='ltr'>posse.</span> 
     </span>
    </p>
   </div>
   <div class='ocr_carea' id='block_1_8' title="bbox 817 2832 4074 3158">
    <p class='ocr_par' dir='ltr' id='par_1_8' title="bbox 817 2832 4074 3158">
     <span class='ocr_line' id='line_1_17' title="bbox 990 2832 4072 2895; baseline 0.001 -16"><span class='ocrx_word' id='word_1_147' title='bbox 990 2832 1039 2894; x_wconf 89' lang='lat'>3)</span> <span class='ocrx_word' id='word_1_148' title='bbox 1082 2834 1306 2882; x_wconf 81' lang='lat' dir='ltr'>conferas</span> <span class='ocrx_word' id='word_1_149' title='bbox 1355 2847 1483 2894; x_wconf 83' lang='lat' dir='ltr'>quae</span> <span class='ocrx_word' id='word_1_150' title='bbox 1532 2833 1593 2880; x_wconf 87' lang='lat' dir='ltr'>de</span> <span class='ocrx_word' id='word_1_151' title='bbox 1642 2833 1734 2879; x_wconf 87' lang='lat' dir='ltr'>hac</span> <span class='ocrx_word' id='word_1_152' title='bbox 1783 2846 1835 2879; x_wconf 90' lang='lat' dir='ltr'>re</span> <span class='ocrx_word' id='word_1_153' title='bbox 1885 2832 2093 2879; x_wconf 88' lang='lat' dir='ltr'>uberius</span> <span class='ocrx_word' id='word_1_154' title='bbox 2130 2832 2408 2894; x_wconf 74' lang='lat' dir='ltr'>disputavit</span> <span class='ocrx_word' id='word_1_155' title='bbox 2443 2832 2682 2893; x_wconf 87' lang='lat' dir='ltr'>Peiperus</span> <span class='ocrx_word' id='word_1_156' title='bbox 2719 2833 2752 2879; x_wconf 96' lang='lat' dir='ltr'>l.</span> <span class='ocrx_word' id='word_1_157' title='bbox 2795 2847 2838 2880; x_wconf 86' lang='lat' dir='ltr'>c.</span> <span class='ocrx_word' id='word_1_158' title='bbox 2878 2846 3007 2894; x_wconf 87' lang='lat' dir='ltr'>quae</span> <span class='ocrx_word' id='word_1_159' title='bbox 3044 2833 3176 2895; x_wconf 87' lang='lat' dir='ltr'>apud</span> <span class='ocrx_word' id='word_1_160' title='bbox 3216 2832 3419 2882; x_wconf 87' lang='lat' dir='ltr'>Suidam</span> <span class='ocrx_word' id='word_1_161' title='bbox 3457 2834 3478 2880; x_wconf 92' lang='lat'>1</span> <span class='ocrx_word' id='word_1_162' title='bbox 3519 2832 3619 2882; x_wconf 88' lang='grc'>866</span> <span class='ocrx_word' id='word_1_163' title='bbox 3657 2835 3715 2883; x_wconf 85' lang='grc' dir='ltr'>Β.</span> <span class='ocrx_word' id='word_1_164' title='bbox 3756 2834 3819 2883; x_wconf 90' lang='lat' dir='ltr'>de</span> <span class='ocrx_word' id='word_1_165' title='bbox 3854 2837 4072 2882; x_wconf 79' lang='lat' dir='ltr'>Ausonio</span> 
     </span>
     <span class='ocr_line' id='line_1_18' title="bbox 817 2912 4074 2988; baseline 0.001 -23"><span class='ocrx_word' id='word_1_166' title='bbox 817 2920 1083 2979; x_wconf 78' lang='lat' dir='ltr'>leguntur:</span> <span class='ocrx_word' id='word_1_167' title='bbox 1136 2913 1386 2975; x_wconf 72' lang='grc' dir='ltr'><strong>Αὐσόνιος</strong></span> <span class='ocrx_word' id='word_1_168' title='bbox 1424 2917 1667 2986; x_wconf 81' lang='grc' dir='ltr'>σοφιστὴς</span> <span class='ocrx_word' id='word_1_169' title='bbox 1703 2918 1967 2988; x_wconf 72' lang='grc' dir='ltr'>γεγραφὼς</span> <span class='ocrx_word' id='word_1_170' title='bbox 2008 2914 2276 2974; x_wconf 79' lang='grc' dir='ltr'><strong>ἐπιστολὰς</strong></span> <span class='ocrx_word' id='word_1_171' title='bbox 2311 2917 2400 2968; x_wconf 66' lang='grc' dir='ltr'>καὶ</span> <span class='ocrx_word' id='word_1_172' title='bbox 2436 2914 2569 2968; x_wconf 78' lang='grc' dir='ltr'>ἄλλα</span> <span class='ocrx_word' id='word_1_173' title='bbox 2605 2916 2717 2968; x_wconf 76' lang='grc' dir='ltr'>τινὰ</span> <span class='ocrx_word' id='word_1_174' title='bbox 2754 2916 2879 2986; x_wconf 81' lang='grc' dir='ltr'>πρὸς</span> <span class='ocrx_word' id='word_1_175' title='bbox 2917 2912 3113 2969; x_wconf 73' lang='grc' dir='ltr'>Νόννον</span> <span class='ocrx_word' id='word_1_176' title='bbox 3160 2925 3244 2966; x_wconf 83' lang='lat' dir='ltr'>aut</span> <span class='ocrx_word' id='word_1_177' title='bbox 3296 2922 3432 2980; x_wconf 72' lang='lat' dir='ltr'>eiua,</span> <span class='ocrx_word' id='word_1_178' title='bbox 3486 2933 3586 2981; x_wconf 87' lang='lat' dir='ltr'>quo</span> <span class='ocrx_word' id='word_1_179' title='bbox 3623 2920 3804 2968; x_wconf 82' lang='lat' dir='ltr'>Suidas</span> <span class='ocrx_word' id='word_1_180' title='bbox 3841 2936 3963 2969; x_wconf 87' lang='lat' dir='ltr'>usus</span> <span class='ocrx_word' id='word_1_181' title='bbox 3997 2926 4074 2969; x_wconf 86' lang='lat' dir='ltr'>est</span> 
     </span>
     <span class='ocr_line' id='line_1_19' title="bbox 817 3000 4067 3074; baseline 0.001 -21"><span class='ocrx_word' id='word_1_182' title='bbox 817 3012 1044 3066; x_wconf 84' lang='lat' dir='ltr'>auctore,</span> <span class='ocrx_word' id='word_1_183' title='bbox 1101 3012 1187 3054; x_wconf 88' lang='lat' dir='ltr'>aut</span> <span class='ocrx_word' id='word_1_184' title='bbox 1225 3005 1409 3054; x_wconf 88' lang='lat' dir='ltr'>Suidae</span> <span class='ocrx_word' id='word_1_185' title='bbox 1460 3007 1624 3068; x_wconf 89' lang='lat' dir='ltr'>ipsius</span> <span class='ocrx_word' id='word_1_186' title='bbox 1665 3006 1812 3066; x_wconf 89' lang='lat' dir='ltr'>culpa</span> <span class='ocrx_word' id='word_1_187' title='bbox 1847 3006 1991 3053; x_wconf 77' lang='lat' dir='ltr'>foede</span> <span class='ocrx_word' id='word_1_188' title='bbox 2029 3011 2149 3054; x_wconf 88' lang='lat' dir='ltr'>sunt</span> <span class='ocrx_word' id='word_1_189' title='bbox 2186 3010 2435 3067; x_wconf 87' lang='lat' dir='ltr'>corrupta.</span> <span class='ocrx_word' id='word_1_190' title='bbox 2516 3005 2645 3052; x_wconf 88' lang='lat' dir='ltr'>nihil</span> <span class='ocrx_word' id='word_1_191' title='bbox 2684 3007 2821 3053; x_wconf 87' lang='lat' dir='ltr'>aliud</span> <span class='ocrx_word' id='word_1_192' title='bbox 2861 3008 2997 3054; x_wconf 86' lang='lat' dir='ltr'>enim</span> <span class='ocrx_word' id='word_1_193' title='bbox 3033 3005 3114 3053; x_wconf 83' lang='lat' dir='ltr'>his</span> <span class='ocrx_word' id='word_1_194' title='bbox 3152 3006 3358 3054; x_wconf 79' lang='lat' dir='ltr'>subesse</span> <span class='ocrx_word' id='word_1_195' title='bbox 3394 3005 3595 3054; x_wconf 77' lang='lat' dir='ltr'>videtur</span> <span class='ocrx_word' id='word_1_196' title='bbox 3631 3009 3730 3054; x_wconf 90' lang='lat' dir='ltr'>nisi</span> <span class='ocrx_word' id='word_1_197' title='bbox 3768 3000 3896 3057; x_wconf 76' lang='grc' dir='ltr'><strong>Αὐσ.</strong></span> <span class='ocrx_word' id='word_1_198' title='bbox 3937 3022 3982 3056; x_wconf 77' lang='lat' dir='ltr'>o.</span> <span class='ocrx_word' id='word_1_199' title='bbox 4021 3024 4067 3074; x_wconf 80' lang='grc' dir='ltr'>γ.</span> 
     </span>
     <span class='ocr_line' id='line_1_20' title="bbox 817 3086 4073 3158; baseline 0 -17"><span class='ocrx_word' id='word_1_200' title='bbox 817 3090 900 3141; x_wconf 83' lang='grc' dir='ltr'>ἐπ.</span> <span class='ocrx_word' id='word_1_201' title='bbox 943 3090 1069 3158; x_wconf 77' lang='grc' dir='ltr'>πρὸς</span> <span class='ocrx_word' id='word_1_202' title='bbox 1094 3087 1398 3157; x_wconf 72' lang='grc' dir='ltr'>[Παυλῖνον]</span> <span class='ocrx_word' id='word_1_203' title='bbox 1424 3086 1674 3141; x_wconf 71' lang='grc' dir='ltr'>Νώλανον</span> <span class='ocrx_word' id='word_1_204' title='bbox 1711 3088 1800 3141; x_wconf 67' lang='grc' dir='ltr'>καὶ</span> <span class='ocrx_word' id='word_1_205' title='bbox 1834 3088 1970 3141; x_wconf 78' lang='grc' dir='ltr'>ἄλλα</span> <span class='ocrx_word' id='word_1_206' title='bbox 2004 3089 2134 3141; x_wconf 77' lang='grc' dir='ltr'><strong>τινά.</strong></span> <span class='ocrx_word' id='word_1_207' title='bbox 2212 3092 2349 3139; x_wconf 89' lang='lat' dir='ltr'>unde</span> <span class='ocrx_word' id='word_1_208' title='bbox 2385 3093 2485 3139; x_wconf 87' lang='lat' dir='ltr'>iam</span> <span class='ocrx_word' id='word_1_209' title='bbox 2524 3092 2731 3153; x_wconf 78' lang='lat' dir='ltr'>adparet</span> <span class='ocrx_word' id='word_1_210' title='bbox 2767 3106 2902 3152; x_wconf 89' lang='lat' dir='ltr'>eum,</span> <span class='ocrx_word' id='word_1_211' title='bbox 2944 3093 3030 3153; x_wconf 90' lang='lat' dir='ltr'>qui</span> <span class='ocrx_word' id='word_1_212' title='bbox 3067 3093 3189 3140; x_wconf 87' lang='lat' dir='ltr'>haec</span> <span class='ocrx_word' id='word_1_213' title='bbox 3224 3093 3535 3153; x_wconf 86' lang='lat' dir='ltr'>conscripsit,</span> <span class='ocrx_word' id='word_1_214' title='bbox 3575 3092 3628 3139; x_wconf 89' lang='lat' dir='ltr'>in</span> <span class='ocrx_word' id='word_1_215' title='bbox 3667 3094 3842 3154; x_wconf 87' lang='lat' dir='ltr'>primis</span> <span class='ocrx_word' id='word_1_216' title='bbox 3877 3096 4073 3156; x_wconf 87' lang='lat' dir='ltr'>epistu-</span> 
     </span>
    </p>
   </div>
   <div class='ocr_carea' id='block_1_9' title="bbox 818 3176 4070 3328">
    <p class='ocr_par' dir='ltr' id='par_1_9' title="bbox 818 3176 4070 3328">
     <span class='ocr_line' id='line_1_21' title="bbox 818 3176 2245 3227; baseline 0.002 -4"><span class='ocrx_word' id='word_1_217' title='bbox 818 3178 977 3225; x_wconf 82' lang='lat' dir='ltr'>larum</span> <span class='ocrx_word' id='word_1_218' title='bbox 1015 3178 1211 3226; x_wconf 83' lang='lat' dir='ltr'>xxm.</span> <span class='ocrx_word' id='word_1_219' title='bbox 1254 3177 1478 3227; x_wconf 81' lang='lat' dir='ltr'>XXIIII.</span> <span class='ocrx_word' id='word_1_220' title='bbox 1520 3177 1668 3226; x_wconf 83' lang='lat' dir='ltr'>XXV</span> <span class='ocrx_word' id='word_1_221' title='bbox 1706 3179 1952 3226; x_wconf 88' lang='lat' dir='ltr'>rationem</span> <span class='ocrx_word' id='word_1_222' title='bbox 1990 3176 2245 3226; x_wconf 88' lang='lat' dir='ltr'>habuisse.</span> 
     </span>
     <span class='ocr_line' id='line_1_22' title="bbox 986 3264 4070 3328; baseline 0.001 -18"><span class='ocrx_word' id='word_1_223' title='bbox 986 3264 1357 3312; x_wconf 85' lang='lat' dir='ltr'>Intereiderunt</span> <span class='ocrx_word' id='word_1_224' title='bbox 1409 3266 1565 3324; x_wconf 86' lang='lat' dir='ltr'>igitur</span> <span class='ocrx_word' id='word_1_225' title='bbox 1612 3279 1675 3312; x_wconf 79' lang='lat' dir='ltr'>ex</span> <span class='ocrx_word' id='word_1_226' title='bbox 1723 3265 1980 3326; x_wconf 81' lang='lat' dir='ltr'>opusculis</span> <span class='ocrx_word' id='word_1_227' title='bbox 2017 3265 2324 3312; x_wconf 83' lang='lat' dir='ltr'>Ausonianis</span> <span class='ocrx_word' id='word_1_228' title='bbox 2377 3266 2594 3312; x_wconf 87' lang='lat' dir='ltr'>carmina</span> <span class='ocrx_word' id='word_1_229' title='bbox 2639 3264 2880 3326; x_wconf 87' lang='lat' dir='ltr'>quaedam</span> <span class='ocrx_word' id='word_1_230' title='bbox 2926 3269 2978 3312; x_wconf 90' lang='lat' dir='ltr'>et</span> <span class='ocrx_word' id='word_1_231' title='bbox 3023 3266 3169 3323; x_wconf 81' lang='lat' dir='ltr'>fasti,</span> <span class='ocrx_word' id='word_1_232' title='bbox 3221 3278 3344 3325; x_wconf 88' lang='lat' dir='ltr'>quos</span> <span class='ocrx_word' id='word_1_233' title='bbox 3391 3270 3561 3313; x_wconf 87' lang='lat' dir='ltr'>tamen</span> <span class='ocrx_word' id='word_1_234' title='bbox 3610 3266 3663 3312; x_wconf 88' lang='lat' dir='ltr'>in</span> <span class='ocrx_word' id='word_1_235' title='bbox 3701 3279 3882 3327; x_wconf 86' lang='lat' dir='ltr'>corpus</span> <span class='ocrx_word' id='word_1_236' title='bbox 3917 3279 4070 3328; x_wconf 87' lang='lat' dir='ltr'>opus-</span> 
     </span>
    </p>
   </div>
   <div class='ocr_carea' id='block_1_10' title="bbox 812 3349 4070 3756">
    <p class='ocr_par' dir='ltr' id='par_1_10' title="bbox 812 3349 4070 3756">
     <span class='ocr_line' id='line_1_23' title="bbox 813 3349 4061 3414; baseline 0.002 -20"><span class='ocrx_word' id='word_1_237' title='bbox 813 3349 1035 3397; x_wconf 85' lang='lat' dir='ltr'>culorum</span> <span class='ocrx_word' id='word_1_238' title='bbox 1073 3355 1298 3412; x_wconf 87' lang='lat' dir='ltr'>receptos</span> <span class='ocrx_word' id='word_1_239' title='bbox 1335 3364 1447 3398; x_wconf 87' lang='lat' dir='ltr'>esse</span> <span class='ocrx_word' id='word_1_240' title='bbox 1483 3351 1614 3399; x_wconf 85' lang='lat' dir='ltr'>haud</span> <span class='ocrx_word' id='word_1_241' title='bbox 1655 3352 1759 3397; x_wconf 80' lang='lat' dir='ltr'>veri</span> <span class='ocrx_word' id='word_1_242' title='bbox 1799 3351 1966 3398; x_wconf 88' lang='lat' dir='ltr'>simile</span> <span class='ocrx_word' id='word_1_243' title='bbox 2004 3356 2102 3400; x_wconf 88' lang='lat' dir='ltr'>est.</span> <span class='ocrx_word' id='word_1_244' title='bbox 2177 3349 2259 3397; x_wconf 87' lang='lat' dir='ltr'>bic</span> <span class='ocrx_word' id='word_1_245' title='bbox 2297 3350 2435 3396; x_wconf 84' lang='lat' dir='ltr'>locus</span> <span class='ocrx_word' id='word_1_246' title='bbox 2473 3364 2673 3399; x_wconf 88' lang='lat' dir='ltr'>monere</span> <span class='ocrx_word' id='word_1_247' title='bbox 2712 3351 2947 3411; x_wconf 85' lang='lat' dir='ltr'>videtur,</span> <span class='ocrx_word' id='word_1_248' title='bbox 3003 3356 3060 3398; x_wconf 90' lang='lat' dir='ltr'>ut</span> <span class='ocrx_word' id='word_1_249' title='bbox 3094 3351 3155 3396; x_wconf 91' lang='lat' dir='ltr'>de</span> <span class='ocrx_word' id='word_1_250' title='bbox 3193 3350 3356 3411; x_wconf 87' lang='lat' dir='ltr'>lapide</span> <span class='ocrx_word' id='word_1_251' title='bbox 3394 3351 3451 3398; x_wconf 87' lang='lat' dir='ltr'>ad</span> <span class='ocrx_word' id='word_1_252' title='bbox 3493 3352 3770 3413; x_wconf 86' lang='lat' dir='ltr'>Lupiacum</span> <span class='ocrx_word' id='word_1_253' title='bbox 3815 3352 4061 3414; x_wconf 82' lang='lat' dir='ltr'>(Loupiac)</span> 
     </span>
     <span class='ocr_line' id='line_1_24' title="bbox 814 3435 4068 3499; baseline 0.002 -19"><span class='ocrx_word' id='word_1_254' title='bbox 814 3436 864 3481; x_wconf 91' lang='lat' dir='ltr'>in</span> <span class='ocrx_word' id='word_1_255' title='bbox 904 3436 1011 3482; x_wconf 88' lang='lat' dir='ltr'>loco</span> <span class='ocrx_word' id='word_1_256' title='bbox 1050 3437 1314 3496; x_wconf 73' lang='lat' dir='ltr'>sexaginta</span> <span class='ocrx_word' id='word_1_257' title='bbox 1350 3437 1453 3484; x_wconf 79' lang='lat' dir='ltr'>sere</span> <span class='ocrx_word' id='word_1_258' title='bbox 1492 3437 1626 3484; x_wconf 88' lang='lat' dir='ltr'>milia</span> <span class='ocrx_word' id='word_1_259' title='bbox 1664 3450 1905 3498; x_wconf 79' lang='lat' dir='ltr'>passuum</span> <span class='ocrx_word' id='word_1_260' title='bbox 1944 3452 1972 3484; x_wconf 85' lang='lat' dir='ltr'>a</span> <span class='ocrx_word' id='word_1_261' title='bbox 2005 3435 2267 3496; x_wconf 76' lang='lat' dir='ltr'>Burdigala</span> <span class='ocrx_word' id='word_1_262' title='bbox 2305 3437 2525 3484; x_wconf 85' lang='lat' dir='ltr'>distante</span> <span class='ocrx_word' id='word_1_263' title='bbox 2562 3451 2604 3485; x_wconf 88' lang='lat' dir='ltr'>a.</span> <span class='ocrx_word' id='word_1_264' title='bbox 2636 3449 2975 3483; x_wconf 71' lang='lat' dir='ltr'>Mnccenxvm</span> <span class='ocrx_word' id='word_1_265' title='bbox 3013 3437 3191 3484; x_wconf 73' lang='lat' dir='ltr'>effosso</span> <span class='ocrx_word' id='word_1_266' title='bbox 3226 3437 3536 3484; x_wconf 80' lang='lat' dir='ltr'>mentionem</span> <span class='ocrx_word' id='word_1_267' title='bbox 3573 3439 3771 3485; x_wconf 80' lang='lat' dir='ltr'>faciam.</span> <span class='ocrx_word' id='word_1_268' title='bbox 3836 3451 3933 3499; x_wconf 92' lang='lat' dir='ltr'>quo</span> <span class='ocrx_word' id='word_1_269' title='bbox 3969 3439 4068 3485; x_wconf 88' lang='lat' dir='ltr'>loco</span> 
     </span>
     <span class='ocr_line' id='line_1_25' title="bbox 812 3522 4067 3584; baseline 0.001 -18"><span class='ocrx_word' id='word_1_270' title='bbox 812 3522 930 3568; x_wconf 89' lang='lat' dir='ltr'>olim</span> <span class='ocrx_word' id='word_1_271' title='bbox 978 3522 1147 3569; x_wconf 81' lang='lat' dir='ltr'>villam</span> <span class='ocrx_word' id='word_1_272' title='bbox 1201 3523 1364 3570; x_wconf 80' lang='lat' dir='ltr'>fuisse</span> <span class='ocrx_word' id='word_1_273' title='bbox 1400 3523 1658 3571; x_wconf 84' lang='lat' dir='ltr'>marmoris</span> <span class='ocrx_word' id='word_1_274' title='bbox 1696 3523 1905 3582; x_wconf 83' lang='lat' dir='ltr'>frustis,</span> <span class='ocrx_word' id='word_1_275' title='bbox 1959 3522 2234 3579; x_wconf 89' lang='lat' dir='ltr'>columnis,</span> <span class='ocrx_word' id='word_1_276' title='bbox 2288 3522 2596 3582; x_wconf 83' lang='lat' dir='ltr'>pavimentis</span> <span class='ocrx_word' id='word_1_277' title='bbox 2641 3522 2913 3569; x_wconf 84' lang='lat' dir='ltr'>tessellatis</span> <span class='ocrx_word' id='word_1_278' title='bbox 2951 3522 3019 3568; x_wconf 91' lang='lat' dir='ltr'>ibi</span> <span class='ocrx_word' id='word_1_279' title='bbox 3057 3524 3269 3583; x_wconf 82' lang='lat' dir='ltr'>repertis</span> <span class='ocrx_word' id='word_1_280' title='bbox 3306 3525 3647 3584; x_wconf 87' lang='lat' dir='ltr'>comprobatur</span> <span class='ocrx_word' id='word_1_281' title='bbox 3690 3523 3770 3584; x_wconf 84' lang='lat' dir='ltr'>(cr.</span> <span class='ocrx_word' id='word_1_282' title='bbox 3814 3524 3967 3571; x_wconf 78' lang='lat' dir='ltr'>Ac&#39;ad.</span> <span class='ocrx_word' id='word_1_283' title='bbox 4007 3524 4067 3570; x_wconf 85' lang='lat' dir='ltr'>de</span> 
     </span>
     <span class='ocr_line' id='line_1_26' title="bbox 814 3605 4069 3671; baseline 0.002 -19"><span class='ocrx_word' id='word_1_284' title='bbox 814 3607 1090 3668; x_wconf 80' lang='lat' dir='ltr'>Bordeaux,</span> <span class='ocrx_word' id='word_1_285' title='bbox 1135 3607 1343 3670; x_wconf 84' lang='lat' dir='ltr'>Compte</span> <span class='ocrx_word' id='word_1_286' title='bbox 1381 3609 1536 3655; x_wconf 90' lang='lat' dir='ltr'>rendu</span> <span class='ocrx_word' id='word_1_287' title='bbox 1565 3609 1652 3656; x_wconf 90' lang='lat' dir='ltr'>des</span> <span class='ocrx_word' id='word_1_288' title='bbox 1684 3609 1906 3670; x_wconf 61' lang='lat' dir='ltr'>sennam,</span> <span class='ocrx_word' id='word_1_289' title='bbox 1949 3623 1993 3655; x_wconf 88' lang='lat' dir='ltr'>a.</span> <span class='ocrx_word' id='word_1_290' title='bbox 2037 3605 2392 3669; x_wconf 83' lang='lat'><strong>1868—1869,</strong></span> <span class='ocrx_word' id='word_1_291' title='bbox 2436 3606 2501 3656; x_wconf 87' lang='grc'>20</span> <span class='ocrx_word' id='word_1_292' title='bbox 2528 3607 2678 3668; x_wconf 67' lang='grc' dir='ltr'>Αοῦι,</span> <span class='ocrx_word' id='word_1_293' title='bbox 2727 3606 2804 3657; x_wconf 84' lang='grc'>12.</span> <span class='ocrx_word' id='word_1_294' title='bbox 2835 3613 2886 3656; x_wconf 91' lang='lat' dir='ltr'>et</span> <span class='ocrx_word' id='word_1_295' title='bbox 2913 3607 2997 3656; x_wconf 82' lang='lat'>26.</span> <span class='ocrx_word' id='word_1_296' title='bbox 3030 3608 3152 3656; x_wconf 81' lang='lat' dir='ltr'>Nov.</span> <span class='ocrx_word' id='word_1_297' title='bbox 3189 3607 3338 3668; x_wconf 88' lang='grc'>1868,</span> <span class='ocrx_word' id='word_1_298' title='bbox 3381 3607 3463 3656; x_wconf 84' lang='lat'>27.</span> <span class='ocrx_word' id='word_1_299' title='bbox 3496 3609 3592 3656; x_wconf 88' lang='lat' dir='ltr'>Mai</span> <span class='ocrx_word' id='word_1_300' title='bbox 3624 3607 3773 3670; x_wconf 86' lang='grc'>1869,</span> <span class='ocrx_word' id='word_1_301' title='bbox 3816 3609 4069 3671; x_wconf 85' lang='lat' dir='ltr'>Comptes-</span> 
     </span>
     <span class='ocr_line' id='line_1_27' title="bbox 812 3678 4070 3756; baseline 0.001 -17"><span class='ocrx_word' id='word_1_302' title='bbox 812 3694 998 3740; x_wconf 87' lang='lat' dir='ltr'>rendus</span> <span class='ocrx_word' id='word_1_303' title='bbox 1035 3693 1095 3740; x_wconf 89' lang='lat' dir='ltr'>de</span> <span class='ocrx_word' id='word_1_304' title='bbox 1133 3694 1300 3741; x_wconf 79' lang='lat' dir='ltr'>l&#39;acad.</span> <span class='ocrx_word' id='word_1_305' title='bbox 1345 3695 1430 3741; x_wconf 90' lang='lat' dir='ltr'>des</span> <span class='ocrx_word' id='word_1_306' title='bbox 1467 3697 1615 3744; x_wconf 85' lang='lat' dir='ltr'>inser.</span> <span class='ocrx_word' id='word_1_307' title='bbox 1660 3695 1777 3742; x_wconf 86' lang='lat' dir='ltr'>vn.</span> <span class='ocrx_word' id='word_1_308' title='bbox 1820 3695 1883 3742; x_wconf 84' lang='lat' dir='ltr'>N.</span> <span class='ocrx_word' id='word_1_309' title='bbox 1915 3692 1963 3742; x_wconf 90' lang='lat' dir='ltr'>S.</span> <span class='ocrx_word' id='word_1_310' title='bbox 2009 3694 2107 3741; x_wconf 89' lang='lat' dir='ltr'>Iul.</span> <span class='ocrx_word' id='word_1_311' title='bbox 2147 3698 2200 3741; x_wconf 86' lang='lat' dir='ltr'>et</span> <span class='ocrx_word' id='word_1_312' title='bbox 2238 3678 2402 3756; x_wconf 61' lang='lat' dir='ltr'>Sept„</span> <span class='ocrx_word' id='word_1_313' title='bbox 2448 3694 2569 3742; x_wconf 80' lang='lat' dir='ltr'>Rev.</span> <span class='ocrx_word' id='word_1_314' title='bbox 2611 3696 2770 3755; x_wconf 84' lang='lat' dir='ltr'>epigr.</span> <span class='ocrx_word' id='word_1_315' title='bbox 2814 3694 2879 3740; x_wconf 86' lang='lat' dir='ltr'>du</span> <span class='ocrx_word' id='word_1_316' title='bbox 2917 3693 3041 3742; x_wconf 89' lang='lat' dir='ltr'>midi</span> <span class='ocrx_word' id='word_1_317' title='bbox 3080 3694 3141 3741; x_wconf 87' lang='lat' dir='ltr'>de</span> <span class='ocrx_word' id='word_1_318' title='bbox 3178 3695 3225 3740; x_wconf 93' lang='lat' dir='ltr'>la</span> <span class='ocrx_word' id='word_1_319' title='bbox 3263 3695 3448 3742; x_wconf 87' lang='lat' dir='ltr'>France</span> <span class='ocrx_word' id='word_1_320' title='bbox 3475 3695 3536 3742; x_wconf 86' lang='lat' dir='ltr'>N.</span> <span class='ocrx_word' id='word_1_321' title='bbox 3567 3693 3638 3754; x_wconf 78' lang='lat'>2).</span> <span class='ocrx_word' id='word_1_322' title='bbox 3712 3696 3948 3754; x_wconf 87' lang='lat' dir='ltr'>leguntur</span> <span class='ocrx_word' id='word_1_323' title='bbox 3983 3711 4070 3742; x_wconf 83' lang='lat' dir='ltr'>au-</span> 
     </span>
    </p>
   </div>
   <div class='ocr_carea' id='block_1_11' title="bbox 810 3780 1515 3841">
    <p class='ocr_par' dir='ltr' id='par_1_11' title="bbox 810 3780 1515 3841">
     <span class='ocr_line' id='line_1_28' title="bbox 810 3780 1515 3841; baseline 0.003 -17"><span class='ocrx_word' id='word_1_324' title='bbox 810 3786 912 3825; x_wconf 88' lang='lat' dir='ltr'>tem</span> <span class='ocrx_word' id='word_1_325' title='bbox 953 3781 1005 3826; x_wconf 93' lang='lat' dir='ltr'>in</span> <span class='ocrx_word' id='word_1_326' title='bbox 1044 3780 1207 3841; x_wconf 87' lang='lat' dir='ltr'>lapide</span> <span class='ocrx_word' id='word_1_327' title='bbox 1244 3781 1329 3827; x_wconf 90' lang='lat' dir='ltr'>illo</span> <span class='ocrx_word' id='word_1_328' title='bbox 1364 3781 1515 3828; x_wconf 87' lang='lat' dir='ltr'>haec:</span> 
     </span>
    </p>
   </div>
   <div class='ocr_carea' id='block_1_12' title="bbox 1580 3919 2506 4239">
    <p class='ocr_par' dir='ltr' id='par_1_12' title="bbox 1580 3919 2506 4239">
     <span class='ocr_line' id='line_1_29' title="bbox 1580 3919 2506 4239; baseline 0 2196"><span class='ocrx_word' id='word_1_329' title='bbox 1580 3919 2506 4239; x_wconf 95' lang='lat' dir='ltr'> </span> 
     </span>
    </p>
   </div>
   <div class='ocr_carea' id='block_1_13' title="bbox 1749 4199 3141 4526">
    <p class='ocr_par' dir='ltr' id='par_1_13' title="bbox 1749 4199 3141 4520">
     <span class='ocr_line' id='line_1_30' title="bbox 1749 4199 3098 4434; baseline -0.004 -85"><span class='ocrx_word' id='word_1_330' title='bbox 1749 4199 2142 4434; x_wconf 34' lang='lat' dir='ltr'>k{wastinio</span> <span class='ocrx_word' id='word_1_331' title='bbox 2124 4300 2135 4347; x_wconf 88' lang='grc' dir='ltr'>ι</span> <span class='ocrx_word' id='word_1_332' title='bbox 2183 4300 2223 4348; x_wconf 91' lang='grc' dir='ltr'>Ν</span> <span class='ocrx_word' id='word_1_333' title='bbox 2267 4301 2308 4347; x_wconf 88' lang='grc' dir='ltr'>ν</span> <span class='ocrx_word' id='word_1_334' title='bbox 2351 4297 2397 4344; x_wconf 81' lang='grc' dir='ltr'><strong>Μ</strong></span> <span class='ocrx_word' id='word_1_335' title='bbox 2451 4297 2492 4344; x_wconf 86' lang='lat' dir='ltr'>o</span> <span class='ocrx_word' id='word_1_336' title='bbox 2929 4302 3098 4430; x_wconf 37' lang='lat' dir='ltr'>(x</span> 
     </span>
     <span class='ocr_line' id='line_1_31' title="bbox 1913 4375 3141 4437; baseline -0.001 0.025"><span class='ocrx_word' id='word_1_337' title='bbox 1913 4386 2040 4437; x_wconf 86' lang='grc' dir='ltr'>’οΝ</span> <span class='ocrx_word' id='word_1_338' title='bbox 2222 4382 2493 4432; x_wconf 62' lang='lat' dir='ltr'>serre</span> <span class='ocrx_word' id='word_1_339' title='bbox 3091 4375 3141 4436; x_wconf 68' lang='lat' dir='ltr'>c.)</span> 
     </span>
     <span class='ocr_line' id='line_1_32' title="bbox 1927 4385 3113 4526; baseline 0.002 -9"><span class='ocrx_word' id='word_1_340' title='bbox 1927 4385 2450 4526; x_wconf 40' lang='lat' dir='ltr'>lummene-.-</span> <span class='ocrx_word' id='word_1_341' title='bbox 2961 4433 3113 4505; x_wconf 41' lang='lat'>&amp;2³2⁴</span> 
     </span>
    </p>
   </div>
   <div class='ocr_carea' id='block_1_14' title="bbox 1996 4518 2505 4709">
    <p class='ocr_par' dir='ltr' id='par_1_14' title="bbox 1996 4518 2505 4709">
     <span class='ocr_line' id='line_1_33' title="bbox 1996 4518 2505 4607; baseline -0.008 0"><span class='ocrx_word' id='word_1_342' title='bbox 1996 4518 2359 4607; x_wconf 46' lang='grc' dir='ltr'>χ*ἸῚΤΝΙΜΦΦ</span> <span class='ocrx_word' id='word_1_343' title='bbox 2369 4554 2505 4603; x_wconf 55' lang='lat' dir='ltr'>ott&amp;</span> 
     </span>
     <span class='ocr_line' id='line_1_34' title="bbox 2040 4627 2366 4709; baseline 0.006 -23"><span class='ocrx_word' id='word_1_344' title='bbox 2040 4627 2048 4709; x_wconf 57' lang='lat'>1</span> <span class='ocrx_word' id='word_1_345' title='bbox 2217 4643 2366 4688; x_wconf 72' lang='lat' dir='ltr'>vacat</span> 
     </span>
    </p>
   </div>
   <div class='ocr_carea' id='block_1_15' title="bbox 800 4809 4064 5733">
    <p class='ocr_par' dir='ltr' id='par_1_15' title="bbox 800 4809 4064 5733">
     <span class='ocr_line' id='line_1_35' title="bbox 803 4809 4055 4875; baseline -0.001 -15"><span class='ocrx_word' id='word_1_346' title='bbox 803 4828 931 4875; x_wconf 86' lang='lat' dir='ltr'>quae</span> <span class='ocrx_word' id='word_1_347' title='bbox 981 4815 1033 4861; x_wconf 91' lang='lat' dir='ltr'>in</span> <span class='ocrx_word' id='word_1_348' title='bbox 1086 4814 1261 4862; x_wconf 83' lang='lat' dir='ltr'>dextra</span> <span class='ocrx_word' id='word_1_349' title='bbox 1311 4820 1450 4875; x_wconf 88' lang='lat' dir='ltr'>parte</span> <span class='ocrx_word' id='word_1_350' title='bbox 1502 4813 1713 4874; x_wconf 84' lang='lat' dir='ltr'>adposui</span> <span class='ocrx_word' id='word_1_351' title='bbox 1756 4812 1974 4859; x_wconf 83' lang='lat' dir='ltr'>frustula</span> <span class='ocrx_word' id='word_1_352' title='bbox 2023 4817 2135 4873; x_wconf 90' lang='lat' dir='ltr'>post</span> <span class='ocrx_word' id='word_1_353' title='bbox 2171 4827 2217 4859; x_wconf 87' lang='lat' dir='ltr'>a.</span> <span class='ocrx_word' id='word_1_354' title='bbox 2263 4809 2393 4860; x_wconf 88' lang='grc'>1869</span> <span class='ocrx_word' id='word_1_355' title='bbox 2444 4812 2498 4857; x_wconf 89' lang='lat' dir='ltr'>in</span> <span class='ocrx_word' id='word_1_356' title='bbox 2538 4809 2710 4856; x_wconf 88' lang='lat' dir='ltr'>eodem</span> <span class='ocrx_word' id='word_1_357' title='bbox 2748 4809 2851 4856; x_wconf 87' lang='lat' dir='ltr'>loco</span> <span class='ocrx_word' id='word_1_358' title='bbox 2889 4811 3069 4857; x_wconf 75' lang='lat' dir='ltr'>effossa</span> <span class='ocrx_word' id='word_1_359' title='bbox 3103 4816 3244 4858; x_wconf 85' lang='lat' dir='ltr'>sunt.</span> <span class='ocrx_word' id='word_1_360' title='bbox 3319 4811 3535 4858; x_wconf 87' lang='lat' dir='ltr'>alterum</span> <span class='ocrx_word' id='word_1_361' title='bbox 3570 4811 3780 4858; x_wconf 82' lang='lat' dir='ltr'>sortasse</span> <span class='ocrx_word' id='word_1_362' title='bbox 3817 4824 3928 4857; x_wconf 88' lang='lat' dir='ltr'>cum</span> <span class='ocrx_word' id='word_1_363' title='bbox 3965 4811 4055 4869; x_wconf 84' lang='lat' dir='ltr'>eis,</span> 
     </span>
     <span class='ocr_line' id='line_1_36' title="bbox 803 4896 4062 4962; baseline -0.002 -15"><span class='ocrx_word' id='word_1_364' title='bbox 803 4915 930 4962; x_wconf 87' lang='lat' dir='ltr'>quae</span> <span class='ocrx_word' id='word_1_365' title='bbox 966 4901 1021 4947; x_wconf 90' lang='lat' dir='ltr'>in</span> <span class='ocrx_word' id='word_1_366' title='bbox 1062 4917 1107 4950; x_wconf 79' lang='lat' dir='ltr'>v,</span> <span class='ocrx_word' id='word_1_367' title='bbox 1152 4901 1183 4948; x_wconf 90' lang='grc'>6</span> <span class='ocrx_word' id='word_1_368' title='bbox 1220 4899 1479 4960; x_wconf 85' lang='lat' dir='ltr'>leguntur,</span> <span class='ocrx_word' id='word_1_369' title='bbox 1523 4900 1593 4946; x_wconf 85' lang='lat' dir='ltr'>ita</span> <span class='ocrx_word' id='word_1_370' title='bbox 1630 4898 1865 4957; x_wconf 80' lang='lat' dir='ltr'>coniungi</span> <span class='ocrx_word' id='word_1_371' title='bbox 1902 4903 2097 4960; x_wconf 85' lang='lat' dir='ltr'>potest,</span> <span class='ocrx_word' id='word_1_372' title='bbox 2140 4905 2199 4946; x_wconf 82' lang='lat' dir='ltr'>ut</span> <span class='ocrx_word' id='word_1_373' title='bbox 2238 4898 2509 4949; x_wconf 80' lang='grc' dir='ltr'>ΟνΝΟΑΕ</span> <span class='ocrx_word' id='word_1_374' title='bbox 2547 4897 2824 4957; x_wconf 79' lang='lat' dir='ltr'>efficiatur,</span> <span class='ocrx_word' id='word_1_375' title='bbox 2869 4897 3112 4955; x_wconf 86' lang='lat' dir='ltr'>alterum,</span> <span class='ocrx_word' id='word_1_376' title='bbox 3153 4896 3283 4957; x_wconf 89' lang='lat' dir='ltr'>quod</span> <span class='ocrx_word' id='word_1_377' title='bbox 3321 4897 3373 4943; x_wconf 91' lang='lat' dir='ltr'>in</span> <span class='ocrx_word' id='word_1_378' title='bbox 3411 4910 3605 4943; x_wconf 89' lang='lat' dir='ltr'>summo</span> <span class='ocrx_word' id='word_1_379' title='bbox 3642 4897 3806 4957; x_wconf 89' lang='lat' dir='ltr'>lapide</span> <span class='ocrx_word' id='word_1_380' title='bbox 3843 4898 4062 4957; x_wconf 88' lang='lat' dir='ltr'>positum</span> 
     </span>
     <span class='ocr_line' id='line_1_37' title="bbox 806 4982 4063 5046; baseline -0.001 -14"><span class='ocrx_word' id='word_1_381' title='bbox 806 4987 959 5034; x_wconf 73' lang='lat' dir='ltr'>fuisse</span> <span class='ocrx_word' id='word_1_382' title='bbox 997 4986 1215 5044; x_wconf 81' lang='lat' dir='ltr'>videtur,</span> <span class='ocrx_word' id='word_1_383' title='bbox 1259 5000 1382 5032; x_wconf 91' lang='lat' dir='ltr'>num</span> <span class='ocrx_word' id='word_1_384' title='bbox 1419 4984 1479 5032; x_wconf 83' lang='lat' dir='ltr'>ad</span> <span class='ocrx_word' id='word_1_385' title='bbox 1518 4984 1654 5031; x_wconf 86' lang='lat' dir='ltr'>hunc</span> <span class='ocrx_word' id='word_1_386' title='bbox 1691 4985 1897 5031; x_wconf 89' lang='lat' dir='ltr'>titulum</span> <span class='ocrx_word' id='word_1_387' title='bbox 1933 4985 2199 5046; x_wconf 83' lang='lat' dir='ltr'>pertineat,</span> <span class='ocrx_word' id='word_1_388' title='bbox 2244 4984 2466 5031; x_wconf 86' lang='lat' dir='ltr'>dubitari</span> <span class='ocrx_word' id='word_1_389' title='bbox 2503 4987 2683 5043; x_wconf 87' lang='lat' dir='ltr'>potest.</span> <span class='ocrx_word' id='word_1_390' title='bbox 2761 4982 2818 5030; x_wconf 87' lang='lat' dir='ltr'>R.</span> <span class='ocrx_word' id='word_1_391' title='bbox 2864 4982 3193 5043; x_wconf 87' lang='lat' dir='ltr'>Dezeimeris,</span> <span class='ocrx_word' id='word_1_392' title='bbox 3237 4984 3322 5043; x_wconf 88' lang='lat' dir='ltr'>qui</span> <span class='ocrx_word' id='word_1_393' title='bbox 3363 4983 3413 5029; x_wconf 90' lang='lat' dir='ltr'>in</span> <span class='ocrx_word' id='word_1_394' title='bbox 3454 4983 3579 5029; x_wconf 88' lang='lat' dir='ltr'>actis</span> <span class='ocrx_word' id='word_1_395' title='bbox 3615 4982 3898 5029; x_wconf 77' lang='lat' dir='ltr'>academiae</span> <span class='ocrx_word' id='word_1_396' title='bbox 3939 4982 4063 5029; x_wconf 88' lang='lat' dir='ltr'>Bur-</span> 
     </span>
     <span class='ocr_line' id='line_1_38' title="bbox 803 5067 4063 5134; baseline -0.002 -15"><span class='ocrx_word' id='word_1_397' title='bbox 803 5072 1079 5131; x_wconf 85' lang='lat' dir='ltr'>digalensis</span> <span class='ocrx_word' id='word_1_398' title='bbox 1117 5073 1178 5120; x_wconf 90' lang='lat' dir='ltr'>de</span> <span class='ocrx_word' id='word_1_399' title='bbox 1215 5072 1307 5119; x_wconf 84' lang='lat' dir='ltr'>hoe</span> <span class='ocrx_word' id='word_1_400' title='bbox 1343 5072 1510 5134; x_wconf 88' lang='lat' dir='ltr'>lapide</span> <span class='ocrx_word' id='word_1_401' title='bbox 1546 5071 1851 5132; x_wconf 83' lang='lat' dir='ltr'>disputavit,</span> <span class='ocrx_word' id='word_1_402' title='bbox 1903 5072 1959 5118; x_wconf 89' lang='lat' dir='ltr'>in</span> <span class='ocrx_word' id='word_1_403' title='bbox 1993 5071 2100 5118; x_wconf 91' lang='lat' dir='ltr'>loco</span> <span class='ocrx_word' id='word_1_404' title='bbox 2137 5070 2221 5117; x_wconf 89' lang='lat' dir='ltr'>illo</span> <span class='ocrx_word' id='word_1_405' title='bbox 2257 5070 2318 5117; x_wconf 89' lang='lat' dir='ltr'>ad</span> <span class='ocrx_word' id='word_1_406' title='bbox 2355 5069 2631 5132; x_wconf 85' lang='lat' dir='ltr'>Lupiacum</span> <span class='ocrx_word' id='word_1_407' title='bbox 2670 5070 2793 5128; x_wconf 90' lang='lat' dir='ltr'>sito,</span> <span class='ocrx_word' id='word_1_408' title='bbox 2835 5083 2949 5116; x_wconf 88' lang='lat' dir='ltr'>cum</span> <span class='ocrx_word' id='word_1_409' title='bbox 2987 5070 3100 5115; x_wconf 86' lang='lat' dir='ltr'>eius</span> <span class='ocrx_word' id='word_1_410' title='bbox 3139 5072 3317 5116; x_wconf 87' lang='lat' dir='ltr'>natura</span> <span class='ocrx_word' id='word_1_411' title='bbox 3353 5081 3409 5114; x_wconf 87' lang='lat' dir='ltr'>ac</span> <span class='ocrx_word' id='word_1_412' title='bbox 3447 5067 3668 5114; x_wconf 87' lang='lat' dir='ltr'>condicio</span> <span class='ocrx_word' id='word_1_413' title='bbox 3703 5081 3880 5127; x_wconf 88' lang='lat' dir='ltr'>magno</span> <span class='ocrx_word' id='word_1_414' title='bbox 3917 5081 4063 5128; x_wconf 89' lang='lat' dir='ltr'>opere</span> 
     </span>
     <span class='ocr_line' id='line_1_39' title="bbox 802 5153 4061 5218; baseline -0.002 -14"><span class='ocrx_word' id='word_1_415' title='bbox 802 5172 915 5204; x_wconf 88' lang='lat' dir='ltr'>cum</span> <span class='ocrx_word' id='word_1_416' title='bbox 953 5159 1025 5204; x_wconf 87' lang='lat' dir='ltr'>eis</span> <span class='ocrx_word' id='word_1_417' title='bbox 1061 5157 1345 5215; x_wconf 86' lang='lat' dir='ltr'>conveniat,</span> <span class='ocrx_word' id='word_1_418' title='bbox 1387 5171 1513 5217; x_wconf 85' lang='lat' dir='ltr'>quae</span> <span class='ocrx_word' id='word_1_419' title='bbox 1550 5157 1810 5204; x_wconf 81' lang='lat' dir='ltr'>Ausonius</span> <span class='ocrx_word' id='word_1_420' title='bbox 1849 5157 1948 5203; x_wconf 92' lang='lat' dir='ltr'>XII</span> <span class='ocrx_word' id='word_1_421' title='bbox 1988 5154 2034 5218; x_wconf 78' lang='lat'>2,</span> <span class='ocrx_word' id='word_1_422' title='bbox 2079 5154 2139 5203; x_wconf 87' lang='lat'>21</span> <span class='ocrx_word' id='word_1_423' title='bbox 2171 5170 2277 5217; x_wconf 90' lang='lat' dir='ltr'>sqq.</span> <span class='ocrx_word' id='word_1_424' title='bbox 2323 5155 2537 5212; x_wconf 85' lang='lat' dir='ltr'>rettulit,</span> <span class='ocrx_word' id='word_1_425' title='bbox 2582 5154 2807 5201; x_wconf 86' lang='lat' dir='ltr'>villulam</span> <span class='ocrx_word' id='word_1_426' title='bbox 2845 5158 3021 5214; x_wconf 83' lang='lat' dir='ltr'>poetae</span> <span class='ocrx_word' id='word_1_427' title='bbox 3058 5154 3217 5201; x_wconf 77' lang='lat' dir='ltr'>fuisse</span> <span class='ocrx_word' id='word_1_428' title='bbox 3254 5155 3560 5216; x_wconf 87' lang='lat' dir='ltr'>suspicatur,</span> <span class='ocrx_word' id='word_1_429' title='bbox 3599 5153 3935 5201; x_wconf 87' lang='lat' dir='ltr'>Lucaniacum</span> <span class='ocrx_word' id='word_1_430' title='bbox 3970 5167 4061 5200; x_wconf 87' lang='lat' dir='ltr'>au-</span> 
     </span>
     <span class='ocr_line' id='line_1_40' title="bbox 802 5239 4062 5304; baseline -0.002 -15"><span class='ocrx_word' id='word_1_431' title='bbox 802 5249 902 5290; x_wconf 89' lang='lat' dir='ltr'>tem</span> <span class='ocrx_word' id='word_1_432' title='bbox 954 5244 1083 5304; x_wconf 88' lang='lat' dir='ltr'>apud</span> <span class='ocrx_word' id='word_1_433' title='bbox 1136 5244 1329 5304; x_wconf 85' lang='lat' dir='ltr'>vicum,</span> <span class='ocrx_word' id='word_1_434' title='bbox 1383 5244 1472 5303; x_wconf 91' lang='lat' dir='ltr'>qui</span> <span class='ocrx_word' id='word_1_435' title='bbox 1524 5256 1658 5291; x_wconf 90' lang='lat' dir='ltr'>nunc</span> <span class='ocrx_word' id='word_1_436' title='bbox 1698 5242 2090 5301; x_wconf 84' lang='lat' dir='ltr'>Saint-Georges</span> <span class='ocrx_word' id='word_1_437' title='bbox 2128 5241 2191 5288; x_wconf 87' lang='lat' dir='ltr'>de</span> <span class='ocrx_word' id='word_1_438' title='bbox 2230 5241 2500 5298; x_wconf 85' lang='lat' dir='ltr'>Montagne</span> <span class='ocrx_word' id='word_1_439' title='bbox 2538 5245 2755 5288; x_wconf 80' lang='lat' dir='ltr'>vocatur.</span> <span class='ocrx_word' id='word_1_440' title='bbox 2833 5241 3153 5287; x_wconf 79' lang='lat' dir='ltr'>exornavisse</span> <span class='ocrx_word' id='word_1_441' title='bbox 3191 5243 3361 5286; x_wconf 87' lang='lat' dir='ltr'>autem</span> <span class='ocrx_word' id='word_1_442' title='bbox 3401 5240 3682 5287; x_wconf 83' lang='lat' dir='ltr'>Ausonium</span> <span class='ocrx_word' id='word_1_443' title='bbox 3722 5239 3887 5286; x_wconf 77' lang='lat' dir='ltr'>villam</span> <span class='ocrx_word' id='word_1_444' title='bbox 3925 5253 4062 5286; x_wconf 86' lang='lat' dir='ltr'>suam</span> 
     </span>
     <span class='ocr_line' id='line_1_41' title="bbox 802 5323 4061 5393; baseline -0.002 -17"><span class='ocrx_word' id='word_1_445' title='bbox 802 5330 1102 5388; x_wconf 75' lang='lat' dir='ltr'>imaginibus</span> <span class='ocrx_word' id='word_1_446' title='bbox 1150 5330 1542 5393; x_wconf 85' lang='lat' dir='ltr'>propinquorum</span> <span class='ocrx_word' id='word_1_447' title='bbox 1589 5334 1640 5376; x_wconf 84' lang='lat' dir='ltr'>et</span> <span class='ocrx_word' id='word_1_448' title='bbox 1689 5329 1958 5376; x_wconf 86' lang='lat' dir='ltr'>amicorum</span> <span class='ocrx_word' id='word_1_449' title='bbox 2008 5329 2183 5389; x_wconf 88' lang='lat' dir='ltr'>eisque</span> <span class='ocrx_word' id='word_1_450' title='bbox 2232 5340 2408 5373; x_wconf 81' lang='lat' dir='ltr'>versus</span> <span class='ocrx_word' id='word_1_451' title='bbox 2447 5327 2807 5387; x_wconf 86' lang='lat' dir='ltr'>subscripsisse</span> <span class='ocrx_word' id='word_1_452' title='bbox 2850 5326 2934 5387; x_wconf 77' lang='lat' dir='ltr'>(cf.</span> <span class='ocrx_word' id='word_1_453' title='bbox 2975 5325 3051 5372; x_wconf 85' lang='lat' dir='ltr'>XI</span> <span class='ocrx_word' id='word_1_454' title='bbox 3093 5324 3136 5385; x_wconf 89' lang='lat'>1,</span> <span class='ocrx_word' id='word_1_455' title='bbox 3181 5323 3250 5385; x_wconf 83' lang='lat'>8).</span> <span class='ocrx_word' id='word_1_456' title='bbox 3332 5324 3467 5371; x_wconf 89' lang='lat' dir='ltr'>unde</span> <span class='ocrx_word' id='word_1_457' title='bbox 3504 5327 3602 5372; x_wconf 84' lang='lat' dir='ltr'>iam</span> <span class='ocrx_word' id='word_1_458' title='bbox 3639 5325 3882 5386; x_wconf 88' lang='lat' dir='ltr'>suspicari</span> <span class='ocrx_word' id='word_1_459' title='bbox 3917 5326 4061 5372; x_wconf 85' lang='lat' dir='ltr'>licere</span> 
     </span>
     <span class='ocr_line' id='line_1_42' title="bbox 801 5409 4060 5473; baseline -0.001 -13"><span class='ocrx_word' id='word_1_460' title='bbox 801 5414 934 5461; x_wconf 89' lang='lat' dir='ltr'>hunc</span> <span class='ocrx_word' id='word_1_461' title='bbox 983 5414 1189 5462; x_wconf 88' lang='lat' dir='ltr'>titulum</span> <span class='ocrx_word' id='word_1_462' title='bbox 1238 5415 1300 5461; x_wconf 90' lang='lat' dir='ltr'>ad</span> <span class='ocrx_word' id='word_1_463' title='bbox 1336 5416 1533 5463; x_wconf 82' lang='lat' dir='ltr'>Leontii</span> <span class='ocrx_word' id='word_1_464' title='bbox 1572 5415 1770 5461; x_wconf 89' lang='lat' dir='ltr'>Lascivi</span> <span class='ocrx_word' id='word_1_465' title='bbox 1814 5415 1894 5473; x_wconf 80' lang='lat' dir='ltr'>(cf.</span> <span class='ocrx_word' id='word_1_466' title='bbox 1938 5429 2016 5463; x_wconf 80' lang='lat' dir='ltr'>vv.</span> <span class='ocrx_word' id='word_1_467' title='bbox 2065 5412 2085 5460; x_wconf 95' lang='lat'>1</span> <span class='ocrx_word' id='word_1_468' title='bbox 2128 5418 2181 5461; x_wconf 82' lang='lat' dir='ltr'>et</span> <span class='ocrx_word' id='word_1_469' title='bbox 2217 5413 2280 5472; x_wconf 76' lang='lat'>85</span> <span class='ocrx_word' id='word_1_470' title='bbox 2322 5411 2447 5458; x_wconf 84' lang='lat' dir='ltr'>XVI</span> <span class='ocrx_word' id='word_1_471' title='bbox 2485 5409 2535 5471; x_wconf 88' lang='grc'>8)</span> <span class='ocrx_word' id='word_1_472' title='bbox 2589 5413 2861 5470; x_wconf 85' lang='lat' dir='ltr'>imaginem</span> <span class='ocrx_word' id='word_1_473' title='bbox 2909 5413 3161 5471; x_wconf 88' lang='lat' dir='ltr'>pertinere</span> <span class='ocrx_word' id='word_1_474' title='bbox 3215 5412 3536 5458; x_wconf 87' lang='lat' dir='ltr'>monometris</span> <span class='ocrx_word' id='word_1_475' title='bbox 3579 5412 3911 5472; x_wconf 85' lang='lat' dir='ltr'>anapaesticis</span> <span class='ocrx_word' id='word_1_476' title='bbox 3947 5424 4060 5457; x_wconf 89' lang='lat' dir='ltr'>eon-</span> 
     </span>
     <span class='ocr_line' id='line_1_43' title="bbox 802 5497 4060 5560; baseline -0.002 -13"><span class='ocrx_word' id='word_1_477' title='bbox 802 5500 1066 5560; x_wconf 85' lang='lat' dir='ltr'>scriptum,</span> <span class='ocrx_word' id='word_1_478' title='bbox 1107 5514 1229 5560; x_wconf 87' lang='lat' dir='ltr'>quos</span> <span class='ocrx_word' id='word_1_479' title='bbox 1266 5499 1451 5548; x_wconf 86' lang='lat' dir='ltr'>deinde</span> <span class='ocrx_word' id='word_1_480' title='bbox 1478 5502 1757 5549; x_wconf 83' lang='lat' dir='ltr'>Ausonium</span> <span class='ocrx_word' id='word_1_481' title='bbox 1792 5501 1845 5546; x_wconf 93' lang='lat' dir='ltr'>in</span> <span class='ocrx_word' id='word_1_482' title='bbox 1884 5499 2114 5560; x_wconf 85' lang='lat' dir='ltr'>strophae</span> <span class='ocrx_word' id='word_1_483' title='bbox 2152 5497 2419 5559; x_wconf 85' lang='lat' dir='ltr'>sappbieae</span> <span class='ocrx_word' id='word_1_484' title='bbox 2455 5498 2657 5544; x_wconf 78' lang='lat' dir='ltr'>formam</span> <span class='ocrx_word' id='word_1_485' title='bbox 2695 5498 2963 5557; x_wconf 79' lang='lat' dir='ltr'>redegisse.</span> <span class='ocrx_word' id='word_1_486' title='bbox 3028 5497 3148 5544; x_wconf 85' lang='lat' dir='ltr'>haec</span> <span class='ocrx_word' id='word_1_487' title='bbox 3183 5497 3339 5555; x_wconf 91' lang='lat' dir='ltr'>igitur</span> <span class='ocrx_word' id='word_1_488' title='bbox 3365 5499 3691 5545; x_wconf 86' lang='lat' dir='ltr'>Dezelmeris.</span> <span class='ocrx_word' id='word_1_489' title='bbox 3762 5511 3819 5544; x_wconf 89' lang='lat' dir='ltr'>ac</span> <span class='ocrx_word' id='word_1_490' title='bbox 3857 5497 4060 5545; x_wconf 85' lang='lat' dir='ltr'>titulum</span> 
     </span>
     <span class='ocr_line' id='line_1_44' title="bbox 800 5583 4064 5645; baseline -0.002 -12"><span class='ocrx_word' id='word_1_491' title='bbox 800 5586 859 5633; x_wconf 88' lang='lat' dir='ltr'>ad</span> <span class='ocrx_word' id='word_1_492' title='bbox 899 5587 1166 5633; x_wconf 90' lang='lat' dir='ltr'>Leontium</span> <span class='ocrx_word' id='word_1_493' title='bbox 1205 5588 1464 5634; x_wconf 85' lang='lat' dir='ltr'>Lascivum</span> <span class='ocrx_word' id='word_1_494' title='bbox 1503 5586 1824 5634; x_wconf 77' lang='lat' dir='ltr'>referendum</span> <span class='ocrx_word' id='word_1_495' title='bbox 1864 5600 1976 5633; x_wconf 89' lang='lat' dir='ltr'>esse</span> <span class='ocrx_word' id='word_1_496' title='bbox 2012 5586 2135 5633; x_wconf 86' lang='lat' dir='ltr'>satis</span> <span class='ocrx_word' id='word_1_497' title='bbox 2173 5584 2428 5645; x_wconf 83' lang='lat' dir='ltr'>probabile</span> <span class='ocrx_word' id='word_1_498' title='bbox 2463 5589 2567 5644; x_wconf 84' lang='lat' dir='ltr'>est3</span> <span class='ocrx_word' id='word_1_499' title='bbox 2621 5589 2814 5631; x_wconf 85' lang='lat' dir='ltr'>ceterae</span> <span class='ocrx_word' id='word_1_500' title='bbox 2865 5589 3034 5631; x_wconf 85' lang='lat' dir='ltr'>autem</span> <span class='ocrx_word' id='word_1_501' title='bbox 3074 5583 3385 5630; x_wconf 83' lang='lat' dir='ltr'>coniecturae</span> <span class='ocrx_word' id='word_1_502' title='bbox 3423 5597 3570 5643; x_wconf 91' lang='lat' dir='ltr'>quam</span> <span class='ocrx_word' id='word_1_503' title='bbox 3607 5585 3803 5631; x_wconf 78' lang='lat' dir='ltr'>infirmo</span> <span class='ocrx_word' id='word_1_504' title='bbox 3841 5585 4064 5631; x_wconf 88' lang='lat' dir='ltr'>nitantur</span> 
     </span>
     <span class='ocr_line' id='line_1_45' title="bbox 800 5669 4060 5733; baseline -0.001 -15"><span class='ocrx_word' id='word_1_505' title='bbox 800 5671 1152 5730; x_wconf 78' lang='lat' dir='ltr'>fundamento,</span> <span class='ocrx_word' id='word_1_506' title='bbox 1207 5674 1314 5733; x_wconf 85' lang='lat' dir='ltr'>ipse</span> <span class='ocrx_word' id='word_1_507' title='bbox 1366 5673 1519 5722; x_wconf 75' lang='lat' dir='ltr'>vides.</span> <span class='ocrx_word' id='word_1_508' title='bbox 1598 5686 1762 5733; x_wconf 85' lang='lat' dir='ltr'>neque</span> <span class='ocrx_word' id='word_1_509' title='bbox 1810 5688 1872 5720; x_wconf 84' lang='lat' dir='ltr'>ex</span> <span class='ocrx_word' id='word_1_510' title='bbox 1924 5672 2013 5718; x_wconf 91' lang='lat' dir='ltr'>hoc</span> <span class='ocrx_word' id='word_1_511' title='bbox 2063 5673 2341 5728; x_wconf 82' lang='lat' dir='ltr'>fragmento</span> <span class='ocrx_word' id='word_1_512' title='bbox 2377 5669 2440 5716; x_wconf 90' lang='lat' dir='ltr'>de</span> <span class='ocrx_word' id='word_1_513' title='bbox 2479 5672 2733 5717; x_wconf 87' lang='lat' dir='ltr'>sententia</span> <span class='ocrx_word' id='word_1_514' title='bbox 2772 5671 2849 5716; x_wconf 79' lang='lat' dir='ltr'>vel</span> <span class='ocrx_word' id='word_1_515' title='bbox 2887 5672 3038 5716; x_wconf 84' lang='lat' dir='ltr'>forma</span> <span class='ocrx_word' id='word_1_516' title='bbox 3077 5670 3311 5716; x_wconf 84' lang='lat' dir='ltr'>carminis</span> <span class='ocrx_word' id='word_1_517' title='bbox 3347 5669 3476 5717; x_wconf 83' lang='lat' dir='ltr'>certi</span> <span class='ocrx_word' id='word_1_518' title='bbox 3513 5672 3781 5730; x_wconf 85' lang='lat' dir='ltr'>quicquam</span> <span class='ocrx_word' id='word_1_519' title='bbox 3819 5669 4060 5716; x_wconf 85' lang='lat' dir='ltr'>constitui</span> 
     </span>
    </p>
   </div>
   <div class='ocr_carea' id='block_1_16' title="bbox 798 5763 979 5818">
    <p class='ocr_par' dir='ltr' id='par_1_16' title="bbox 798 5763 979 5818">
     <span class='ocr_line' id='line_1_46' title="bbox 798 5763 979 5818; baseline 0.011 -14"><span class='ocrx_word' id='word_1_520' title='bbox 798 5763 979 5818; x_wconf 87' lang='lat' dir='ltr'>potest.</span> 
     </span>
    </p>
   </div>
  </div>
 </body>
</html>
