4630 6435
1987 417 2333 475 MOSELLA
2375 419 2632 483 (XVIII).
3866 418 3949 485 89

1155 631 1251 671 205
1358 609 1814 694 impubemque
1858 630 2117 675 manum
2165 629 2361 694 super
2404 611 2660 676 amnica
2706 616 2889 692 terga
2935 616 3278 692 vagantem

1358 712 1510 778 dum
1557 720 1804 797 spectat
1855 762 3164 779 ...................

1365 867 1808 881 .......
1862 816 2134 882 transire
2180 815 2390 897 diem,
2444 837 2565 882 sua
2610 816 2781 882 seria
2824 815 2978 880 ludo

1357 920 1729 1005 posthabet:
1782 920 2069 985 excludit
2111 927 2365 986 veteres
2408 941 2578 986 nova
2621 920 2834 1003 gratia
2879 939 3087 984 curas.

1358 1024 1523 1089 tales
1569 1024 1857 1089 Cumano
1902 1024 2241 1107 despectat
2284 1023 2353 1087 in
2399 1043 2679 1106 aequore
2725 1023 2913 1088 ludos

1359 1127 1587 1208 Liber,
1642 1126 1978 1210 sulphurei
2023 1125 2175 1191 dum
2222 1148 2339 1210 per
2382 1127 2536 1209 iuga
2581 1126 2826 1191 consita
2872 1125 3073 1190 Gauri

1157 1250 1251 1291 210
1359 1250 1600 1314 perque
1645 1228 1993 1313 vaporiferi
2040 1229 2335 1312 graditur
2379 1229 2596 1295 vineta
2642 1228 2912 1310 Vesevi,

1360 1353 1503 1398 cum
1550 1333 1769 1397 Venus
1812 1331 2100 1397 Actiacis
2145 1332 2424 1414 Augusti
2470 1332 2644 1396 laeta
2685 1331 3028 1415 triumphis

1360 1435 1584 1501 ludere
1630 1435 1910 1499 lascivos
1957 1435 2096 1501 fera
2140 1436 2386 1519 proelia
2427 1434 2618 1501 iussit
2660 1435 2958 1515 AmoreS,

1360 1539 1580 1622 qualia
1623 1538 1918 1603 Niliacae
1965 1539 2210 1604 classes
2256 1540 2612 1622 Latiaeque
2658 1539 2951 1604 triremes

1361 1642 1581 1708 subter
1624 1642 2003 1727 Apollineae
2047 1649 2390 1725 gesserunt
2435 1642 2769 1708 Leucados
2815 1661 3032 1724 arceS‚

1159 1766 1254 1805 215
1362 1752 1472 1810 aut
1517 1745 1893 1830 Pompeiani
1936 1746 2278 1829 Mylasena
2323 1746 2612 1830 pericula
2654 1744 2812 1810 belli

1361 1847 1687 1913 Euboicae
1732 1847 2019 1913 referunt
2062 1868 2178 1931 per
2221 1847 2483 1913 Averna
2527 1848 2825 1913 sonantia
2869 1847 3168 1912 cumbae:

1358 1952 1666 2016 innocuos
1710 1951 1941 2015 ratium
1988 1951 2214 2036 pulsus
2258 1971 2641 2036 pugnasque
2686 1951 2973 2017 iocantes

1360 2054 1786 2120 naumachiae
1830 2054 2047 2119 Siculo
2091 2055 2319 2137 quales
2365 2061 2694 2139 spectante
2740 2054 2967 2119 Peloro

1362 2158 1697 2224 caeruleus
1741 2157 1932 2222 viridi
1978 2164 2239 2241 reparat
2283 2159 2403 2223 sub
2450 2158 2733 2241 imagine
2780 2164 3047 2241 pontus,

1160 2280 1253 2321 220
1363 2282 1488 2327 non
1531 2260 1728 2326 aliam
1775 2262 2056 2345 speciem
2102 2262 2541 2346 petulantibus
2586 2261 2770 2327 addit
2813 2260 3086 2345 ephebis

1364 2364 1793 2450 pubertasque
1837 2364 2172 2447 amnisque
2218 2372 2283 2430 et
2326 2364 2480 2449 picti
2527 2373 2733 2430 rostra
2776 2364 3053 2449 phaseli.

1361 2470 1481 2533 hos
1526 2467 1915 2552 Hyperionio
1961 2488 2103 2533 cum
2152 2468 2248 2533 sol
2292 2467 2650 2552 perfuderit
2692 2474 2910 2547 aestu,

1362 2570 1573 2636 reddit
1615 2570 1913 2635 nautales
1958 2568 2161 2635 vitreo
2207 2571 2328 2635 sub
2375 2571 2632 2654 gurgite
2678 2570 2917 2636 formas

1363 2680 1428 2738 et
1472 2673 1705 2756 redigit
1747 2672 1996 2757 pandas
2039 2673 2281 2739 inversi
2328 2674 2610 2757 corporis
2655 2675 2938 2738 umbras.

1160 2796 1256 2837 22⁵
1363 2784 1559 2859 utque
1604 2775 1815 2858 agiles
1859 2782 2069 2841 motus
2115 2775 2342 2842 dextra
2385 2777 2704 2859 laevaque
2750 2776 3187 2859 frequentant,

1363 2887 1429 2944 et
1472 2878 1874 2944 commutatis
1917 2878 2239 2943 alternant
2283 2879 2574 2963 pondera
2617 2879 2843 2961 remis,

1365 2982 1541 3048 unda
1584 2981 1780 3048 refert
1823 2983 2018 3062 alios,
2076 2982 2423 3047 simulacra
2468 2983 2779 3064 umentia,
2834 2989 3093 3048 nautas.

1361 3086 1508 3171 ipsa
1553 3105 1669 3151 suo
1716 3084 1958 3168 gaudet
2002 3085 2408 3152 simulamine
2452 3086 2712 3152 nautica
2754 3086 2993 3172 pubes,

1365 3188 1633 3256 fallaces
1678 3188 1872 3255 fluvio
1918 3189 2147 3256 mirata
2193 3188 2406 3256 redire
2450 3190 2713 3274 figuras.

1161 3314 1256 3354 230
1364 3294 1550 3359 sicuti
1594 3293 1978 3378 compositos
2023 3299 2421 3359 ostentatura
2465 3294 2736 3377 capillos

1366 3397 1748 3463 candentem
1794 3397 1927 3462 late
1975 3397 2223 3481 speculi
2269 3396 2667 3481 explorantis
2714 3398 3014 3464 honorem

878 3761 976 3812 205
1019 3764 1166 3822 Verg.
1210 3763 1337 3810 Aen.
1381 3763 1473 3809 Vll
1512 3761 1612 3811 382
1649 3762 1966 3823 inpubesque
2003 3776 2181 3810 manus
2391 3760 2491 3810 206
2528 3764 2679 3822 Verg.
2724 3763 2831 3810 Ecl.
2875 3763 2971 3810 Vn
3005 3762 3062 3811 17
3102 3763 3370 3824 posthabui
3407 3769 3574 3811 tamen
3612 3763 3811 3812 illorum
3848 3777 3958 3810 mea

703 3850 829 3895 seria
863 3849 982 3897 ludo
1194 3847 1286 3896 211
1321 3862 1398 3909 sq.
1442 3847 1556 3896 Hor.
1601 3847 1768 3908 Epist.
1810 3848 1832 3894 1
1875 3846 1954 3909 18,
1987 3846 2046 3896 61
2076 3862 2184 3909 sqq.
2226 3849 2440 3910 partitur
2475 3849 2665 3907 lyntres
2701 3850 2975 3908 exercitus,
3015 3849 3162 3895 Actia
3198 3862 3368 3910 pugna
3404 3853 3453 3896 te
3490 3848 3617 3897 duce
3652 3863 3739 3910 per
3775 3863 3957 3911 pueros

705 3933 873 3982 hostili
911 3947 1044 3982 more
1081 3935 1313 3992 refertur,
1355 3934 1666 3981 adversarius
1703 3939 1782 3981 est
1817 3935 1982 3994 frater,
2026 3935 2166 3983 lacus
2202 3935 2392 3982 Hadria
2436 3934 2521 3997 (cf.
2550 3935 2698 3995 Verg.
2732 3936 2860 3983 Aen.
2891 3936 3012 3982 VIII
3040 3934 3158 3996 675)
3238 3933 3365 3983 Stat.
3413 3933 3534 3984 Silv.
3577 3936 3651 3982 111
3694 3934 3738 3995 1,
3774 3935 3870 3984 150
3905 3942 3957 3982 et

704 4020 917 4067 Lucrina
943 4021 1144 4082 Venus,
1182 4019 1253 4079 cs.
1283 4019 1565 4079 Symmach.
1597 4021 1759 4082 Epist.
1791 4023 1813 4069 1
1843 4020 1873 4070 8
1910 4021 2062 4068 simul
2087 4022 2286 4069 innatat
2309 4022 2504 4070 choreis
2530 4022 2887 4069 Amathusium
2914 4021 3152 4070 renidens
3182 4057 3194 4069 .
3223 4057 3237 4070 .
3276 4058 3287 4068 .
3316 4021 3480 4068 Dione
3664 4019 3765 4069 216
3803 4021 3952 4080 Verg.

702 4107 829 4153 Aen.
870 4107 950 4153 111
985 4104 1087 4154 442
1124 4108 1323 4154 Averna
1358 4108 1588 4154 sonantia
1624 4106 1766 4153 silvis
1976 4105 2074 4156 223
2105 4122 2213 4169 sqq.
2255 4108 2486 4158 Ermenr.
2527 4107 2685 4169 epigr.
2729 4105 2793 4155 78
2815 4121 2924 4168 sqq.
2964 4107 3131 4154 reddis
3168 4106 3398 4155 nautales
3437 4107 3591 4154 vitreo
3627 4108 3721 4153 sub
3757 4109 3955 4166 gurgite

703 4192 881 4240 formas
931 4197 983 4240 et
1031 4192 1214 4252 redigis
1252 4192 1446 4252 pandas
1483 4192 1670 4240 inversi
1708 4193 1921 4252 corporis
1957 4195 2188 4241 umbras:
2245 4200 2402 4255 utque
2438 4195 2594 4254 agiles
2632 4200 2797 4242 motus
2831 4193 3007 4240 dextra
3043 4193 3252 4254 levaque
3288 4194 3615 4253 frequentent
3650 4196 3703 4239 et
3737 4205 3958 4239 commu-

703 4279 821 4324 tatis
859 4278 1113 4325 alternent
1147 4278 1368 4339 pondera
1405 4279 1587 4337 remis,
1644 4279 1779 4344 unda
1817 4280 1970 4326 refert
2006 4279 2156 4339 alios,
2209 4281 2475 4328 simulacra
2514 4281 2797 4340 bumentia,
2853 4285 3048 4328 nautas.
3125 4281 3239 4341 ipsa
3288 4292 3378 4326 suo
3421 4279 3603 4339 gaudet
3638 4278 3958 4326 simulamine

703 4365 905 4412 nautica
941 4366 1103 4424 pubes
1140 4364 1340 4411 fallaces
1379 4365 1530 4412 fluvio
1568 4366 1744 4412 mirata
1779 4364 1940 4411 redire
1978 4366 2157 4426 figuras

715 4562 926 4569 u'n
947 4563 1480 4568 ——f--v———r

871 4705 970 4755 206
1007 4706 1239 4755 excidisse
1271 4712 1382 4768 post
1418 4713 1611 4770 spectat
1633 4707 1779 4754 huius
1802 4722 1969 4755 versus
1988 4709 2291 4768 particulam
2315 4711 2525 4756 alteram
2546 4713 2591 4755 et
2616 4710 2813 4756 initium
2838 4710 3137 4768 imequentis
3163 4707 3402 4756 intellexit
3426 4705 3689 4766 Boeckingy,
3734 4709 3818 4766 qui
3845 4705 3960 4754 leuce

700 4793 940 4852 cupplevit
964 4793 1140 4841 viridis
1165 4808 1262 4856 qua
1286 4796 1443 4854 surgit
1467 4796 1598 4857 ripa,
1625 4795 1846 4855 colonus,
1878 4808 1974 4842 non
2000 4796 2156 4842 sentit
2348 4799 2575 4857 spectant
2604 4794 2647 4841 Z
2839 4795 2998 4854 serica
3025 4794 3065 4839 Z
3275 4791 3372 4840 207
3414 4791 3635 4839 excludit
3659 4791 3705 4837 B
3732 4791 3780 4852 (x
3806 4806 3863 4839 es:
3888 4793 3954 4853 c),

701 4879 935 4926 excludet
959 4876 988 4928 λ
1165 4880 1264 4930 208
1300 4880 1429 4929 tales
1452 4882 1572 4928 mai.
1603 4882 1699 4930 litt.
1732 4883 1802 4929 in.
1834 4878 1876 4924 G
2052 4879 2153 4929 209
2191 4881 2457 4943 sulphurei
2488 4883 2530 4927 G
2560 4882 2611 4942 (p
2637 4895 2694 4928 cx
2720 4882 2757 4940 s)
2939 4893 3050 4927 cum
3077 4877 3241 4939 codd.,
3272 4878 3391 4925 dum
3416 4891 3503 4937 eqo
3676 4889 3765 4936 per
3787 4890 3882 4926 om.
3916 4875 3958 4922 G

702 4962 799 5012 210
836 4979 1056 5028 perquae
1098 4968 1139 5013 G
1346 4967 1556 5027 sortasse
1594 4967 1800 5016 Vesaevi
2030 4965 2122 5015 211
2167 4969 2367 5015 actiacis
2405 4964 2433 5015 λ
2475 4969 2514 5030 (c
2551 4968 2642 5014 att.
2682 4980 2738 5014 ex
2774 4971 2795 5013 t
2830 4964 2923 5028 m2,
2962 4966 3054 5013 -tis
3100 4964 3209 5026 Uy.)
3438 4961 3537 5011 212
3575 4962 3805 5026 lascutios
3850 4965 3893 5010 G

703 5050 863 5112 prelia
900 5051 964 5111 Β,
1003 5051 1106 5112 plia
1149 5050 1220 5100 Ζλ
1456 5050 1555 5099 213
1593 5053 1820 5099 miliacae
1859 5050 1887 5100 λ
2133 5051 2231 5101 214
2269 5058 2400 5101 artes
2437 5050 2466 5101 λ
2712 5051 2811 5100 215
2850 5039 3107 5108 ωἷῐῐεειηι
3142 5049 3185 5096 G
3224 5049 3271 5111 (a
3305 5046 3425 5108 m2),
3469 5050 3705 5098 milesena
3740 5049 3786 5096 Β
3829 5049 3963 5109 (mila

705 5136 757 5182 in
792 5137 914 5196 ms.)
963 5135 1054 5198 Ζλ,
1096 5139 1317 5186 missena
1361 5138 1450 5198 Uy.
1688 5136 1788 5186 216
1825 5127 2047 5186 sonantia
2084 5138 2126 5184 G
2337 5139 2512 5201 cymbe
2549 5135 2643 5198 Βλ,
2687 5139 2849 5200 cimbe
2891 5119 2931 5184 ἓ
2977 5136 3065 5196 Uy.
3308 5133 3406 5183 217
3446 5135 3614 5195 pulsos
3650 5132 3680 5185 λ
3889 5136 3962 5183 lo-

702 5228 872 5270 cantes
909 5221 952 5268 G
1127 5223 1227 5273 218
1266 5225 1435 5283 syculo
1460 5224 1506 5271 Β
1678 5228 1899 5285 spectata
1931 5223 2095 5285 codd„
2137 5228 2398 5286 spectante
2422 5223 2586 5283 Luqd.
2767 5222 2868 5271 219
2905 5227 3083 5285 pontes
3109 5220 3151 5268 G
3185 5223 3317 5282 (ntes
3344 5223 3397 5267 in
3419 5219 3541 5281 ras.)
3723 5219 3823 5269 220
3862 5235 3959 5268 non

701 5309 819 5355 mai.
859 5308 954 5357 litt.
998 5311 1065 5358 in.
1109 5311 1152 5356 G
1369 5311 1516 5357 aliam
1552 5311 1608 5357 in
1653 5309 1743 5369 Uy.
1968 5310 2203 5370 ephoebis
2246 5309 2289 5357 G
2333 5309 2445 5369 Uy„
2488 5310 2697 5372 ephebis
2735 5307 2765 5359 λ
2984 5306 3074 5355 221
3124 5308 3287 5368 puppi
3323 5311 3558 5367 ertasque
3596 5304 3644 5367 λ,
3685 5307 3845 5368 puppi
3879 5321 3959 5354 ar-

704 5399 880 5456 taeque
913 5394 1000 5455 Uy.
1216 5398 1378 5443 amnis
1402 5395 1568 5455 codd.‚
1598 5397 1861 5456 amnisque
1887 5395 2038 5443 Barth
2246 5396 2413 5444 faselli
2439 5393 2469 5445 λ
2680 5393 2779 5443 222
2818 5395 3075 5457 yperionio
3115 5392 3157 5439 Z
3366 5396 3480 5454 estu
3509 5392 3552 5438 Β
3581 5393 3634 5454 (u
3660 5395 3714 5440 in
3734 5405 3837 5441 ras.
3865 5389 3957 5451 771²)

704 5476 800 5527 223
839 5481 1132 5529 nautaules
1171 5479 1213 5528 G
1495 5479 1594 5529 224
1630 5481 1778 5529 rediit
1816 5477 1893 5530 B).
2139 5481 2259 5529 ubas
2297 5479 2361 5530 λ*
2639 5479 2739 5530 225
2775 5486 2926 5541 atque
2967 5480 3008 5525 Z
3260 5479 3585 5540 frequentant
3621 5478 3665 5524 Β
3704 5479 3779 5538 (in
3811 5479 3957 5536 raa),

703 5552 981 5626 freq⁰ntant
1018 5566 1060 5612 Z
1103 5565 1146 5626 (e
1181 5563 1269 5629 m2)
1573 5565 1668 5615 227
1709 5544 1860 5615 refert
1902 5567 1944 5613 G
2221 5566 2525 5614 simulachra
2562 5567 2606 5613 Β
2648 5569 2689 5630 (s
2726 5581 2783 5615 ex
2819 5565 2869 5627 b)
3151 5541 3411 5613 humentia
3450 5562 3510 5624 G,
3553 5565 3812 5613 humentia
3847 5563 3954 5622 BZ,

703 5648 996 5699 humentius
1034 5648 1096 5700 λ*
1308 5657 1486 5700 nautas
1528 5653 1570 5699 G
1599 5655 1651 5714 (n
1677 5667 1736 5700 cx
1759 5652 1906 5712 corr.)
2123 5650 2224 5700 228
2264 5666 2381 5699 suos
2407 5651 2451 5697 Β
2661 5651 2966 5700 similamine
2991 5649 3051 5711 B,
3094 5650 3442 5710 simulagmine
3478 5647 3539 5698 λ*
3749 5648 3851 5698 230
3889 5650 3963 5697 sic

702 5737 818 5783 mai.
860 5737 958 5784 lm.
999 5739 1065 5786 in.
1115 5737 1158 5785 G
1367 5739 1440 5787 sic
1476 5739 1561 5787 ubi
1597 5737 1765 5800 codd„
1804 5739 1954 5785 sicuti
1990 5738 2143 5798 Spcck
2353 5735 2450 5787 231
2491 5738 2798 5799 explorantis
2836 5733 2878 5782 G
2925 5736 2985 5798 (is
3019 5749 3078 5783 ιε
3112 5737 3207 5798 es),
3251 5735 3568 5797 expectantis
3604 5732 3634 5784 λ

861 5835 1104 5878 Avsosrvs.
3489 5837 3507 5885 1
3519 5835 3550 5886 2
