4630 6435
849 414 967 474 176

816 4160 840 4204 ῖ
877 4159 1029 4205 artiet
1065 4157 1111 4203 E

814 4172 955 4306 egr-ee
987 4242 1041 4306 T,
1075 4243 1254 4307 choree
1279 4247 1368 4290 cet.
1401 4243 1460 4304 E,
1492 4255 1632 4290 corae
1657 4243 1766 4292 Iac.
1801 4242 2160 4293 Constantinus

820 4329 884 4378 63
923 4343 1222 4392 quecunque
1259 4334 1337 4377 est
1373 4330 1572 4377 fortuna
1612 4329 1654 4375 Τ

814 4416 875 4463 77
918 4417 999 4464 sui
1043 4416 1085 4462 T
1118 4417 1214 4477 (tui
1250 4413 1341 4477 m2)
1384 4413 1453 4476 M,
1495 4415 1570 4462 tui
1608 4420 1698 4465 cet.
1740 4416 1787 4463 E

819 4501 909 4567 Μι

815 4675 939 4722 Iulis
976 4672 1108 4724 Scal.

814 4768 944 4808 mats.
980 4766 1070 4809 cet.

813 4848 960 4895 iocali
1000 4846 1056 4893 M

977 620 1040 660 ⁴⁵
1147 623 1377 667 nomen
1423 603 1697 669 dedere:
1750 624 1835 668 an
1877 621 2110 667 nomen
2154 602 2274 666 hoc

1148 714 1369 771 secuta
1413 727 1657 771 morum
1706 706 1973 788 regula?

1147 831 1230 873 an
1275 810 1386 874 ille
1433 811 1684 876 venturi
1729 810 1941 875 sciens

1148 913 1366 977 mundi
1417 933 1752 998 supremus
1796 913 2065 991 arbiter,

1147 1017 1402 1098 qualem
1451 1017 1694 1083 creavit
1737 1016 2054 1093 moribus,

980 1140 1038 1177 50
1148 1120 1336 1184 iussit
1380 1122 1592 1185 vocari
1640 1120 1967 1185 nomine?'

1145 1242 1376 1287 nomen
1423 1223 1642 1288 datum
1692 1223 2054 1308 praeconiis

1144 1326 1440 1409 vitaeque
1486 1327 1872 1391 testimonio.

1141 1430 1361 1496 libelle
1408 1430 1599 1509 felix,
1655 1451 1843 1514 quem
1893 1429 2035 1493 sinu

1143 1534 1242 1598 vir
1285 1541 1502 1598 tantus
1549 1535 1804 1599 evolvet
1849 1554 1964 1598 suo

976 1659 1035 1696 55
1143 1658 1263 1702 nec
1307 1638 1604 1721 occupari
1649 1645 1940 1721 tempora

1143 1748 1324 1822 grato
1368 1748 1670 1823 queretur
1714 1740 1878 1803 otio:

1141 1864 1328 1926 quem
1377 1844 1556 1910 mille
1604 1842 1800 1929 <tum>
1848 1841 2025 1906 vocis
2072 1840 2278 1905 modis

1141 1946 1270 2011 leni
1317 1954 1428 2011 aut
1475 1966 1733 2011 susurro
1777 1945 2099 2029 impertiet

1141 2050 1368 2133 cuique
1415 2049 1648 2132 vigiles
1694 2049 2004 2113 luminum

971 2174 1030 2214 60
1140 2174 1370 2217 vacare
1418 2153 1775 2235 dignabunt
1819 2171 2039 2216 corae:

1139 2277 1328 2337 quem
1376 2264 1589 2321 mente
1636 2263 1700 2321 et
1743 2276 1896 2319 aure
1944 2255 2216 2319 consciis

1139 2360 1523 2442 quibusdam
1570 2359 1826 2425 omissis
1872 2359 2183 2443 perleget.

1138 2482 1579 2544 quaecumque
1624 2462 1879 2528 fortuna
1924 2468 2023 2526 est
2066 2459 2219 2542 tibi,

1139 2586 1372 2650 perge,
1426 2586 1463 2629 o
1510 2566 1760 2646 libelle,
1817 2572 1882 2631 et
1926 2571 2104 2629 utere

970 2692 1031 2730 65
1139 2670 1447 2734 felicitate
1492 2669 1856 2734 intermina.

1137 2773 1238 2838 dic
1285 2793 1385 2836 me
1431 2773 1647 2838 valere
1694 2782 1758 2838 et
1803 2773 2055 2847 vivere,

1137 2876 1239 2941 dic
1284 2877 1502 2941 vivere
1549 2897 1630 2941 ex
1675 2883 1821 2941 voto
1868 2875 2008 2959 pic,

1137 2980 1374 3044 sanctis
1420 2987 1781 3064 precantem
1831 2979 2132 3059 vocibUS‚

1136 3090 1206 3148 ut
1247 3104 1436 3166 quem
1487 3084 1726 3148 curulis
1773 3083 2065 3167 proxima

965 3208 1025 3249 το
1134 3187 1404 3271 collegio
1450 3188 1583 3253 nati
1633 3187 1841 3269 dedit,

1130 3290 1302 3355 hunc
1347 3312 1565 3357 rursus
1613 3292 1940 3373 Augustus
1988 3291 2160 3375 prior

1133 3396 1266 3459 suis
1313 3402 1625 3479 perennet
1667 3394 1975 3459 fascibus.

1132 3498 1440 3562 subnecte
1486 3504 1549 3562 et
1594 3497 1757 3561 illud
1803 3498 2067 3562 leniter:

1144 3603 1485 3686 ‘apologos
1534 3622 1616 3666 en
1661 3600 1836 3664 misit
1880 3601 1996 3666 tibi

963 3726 1023 3765 τε»
1130 3705 1212 3769 ab
1259 3724 1462 3786 usque
1507 3704 1717 3769 Rheni
1762 3704 1964 3770 limite

989 3983 1054 4032 45
1093 3984 1221 4032 dede
1265 3984 1306 4030 T
1606 3983 1669 4031 54
1707 3985 1926 4032 involvet
1970 3985 2077 4032 Toll
2111 3988 2255 4046 volyo

817 4078 926 4119 tum
964 4084 1060 4120 om.
1105 4086 1177 4132 ω,
1236 4069 1397 4118 adieci
1435 4083 1552 4130 eqo,
1611 4083 1726 4117 cum
1771 4068 1915 4118 Van.⁴
1948 4072 2092 4131 volyo

1317 4155 1381 4203 59
1419 4156 1602 4217 cuique
1645 4155 1687 4202 T
1722 4156 1840 4218 (que
1875 4155 1992 4206 add.
2033 4155 2147 4220 m2),
2190 4173 2288 4220 que
2325 4174 2424 4208 om.
2463 4165 2554 4209 cet.

2372 4245 2437 4295 62
2471 4243 2722 4312 s·omissis
2752 4246 2793 4292 T
2817 4246 2891 4306 (in
2911 4259 3010 4304 my.
3040 4242 3129 4304 m1)

1858 4328 1924 4378 69
1962 4331 2124 4379 curuli
2162 4329 2273 4394 TM,
2314 4333 2502 4380 curulis
2539 4337 2627 4383 cet.
2660 4332 2705 4378 E

1993 4415 2060 4465 78
2097 4419 2431 4480 trimentriam
2470 4416 2527 4464 M

2101 4501 2180 4570 ac]
2216 4510 2367 4566 atque
2411 4505 2556 4552 Tlmu

1103 4589 1445 4649 Probianoque
1484 4603 1538 4636 ac
1574 4589 1751 4636 Anicio
1786 4590 1920 4638 θοαὶ.
1962 4590 2121 4651 volqo,
2162 4590 2506 4652 Probianoque
2544 4597 2694 4652 atque
2731 4591 2907 4638 Anicio
2951 4589 3060 4636 Vin.

1341 4674 1407 4723 88
1445 4677 1524 4723 tui
1567 4675 1626 4735 T,
1666 4680 1787 4722 tuus
1824 4681 1933 4738 cet„
1975 4677 2071 4724 tibi
2117 4676 2242 4737 Toll,
2283 4691 2351 4724 an
2386 4678 2478 4725 tibi
2517 4681 2630 4725 est?

2145 4761 2209 4810 92
2247 4764 2432 4824 peritis
2466 4762 2643 4824 TMpE
2664 4765 2825 4826 volyo,
2869 4764 3061 4824 peritus
3099 4766 3188 4809 cet.

2665 4848 2731 4896 94
2770 4854 2824 4895 et
2857 4862 2952 4897 om.
2998 4863 3060 4909 ω,
3104 4846 3220 4896 add.
3259 4862 3295 4908 p
3341 4849 3410 4909 (in
3443 4846 3566 4908 my.)
3618 4844 3769 4896 Vm.⁴
3977 4847 4088 4909 sor-

1137 4501 1202 4551 82
1241 4503 1322 4550 hic
1359 4517 1419 4560 ω,
1463 4502 1582 4549 hinc
1619 4501 1893 4551 Mommsen

1285 4759 1345 4809 91
1387 4762 1575 4823 lalique
1612 4762 1854 4810 soniferos
1900 4761 1941 4806 T

1547 5022 1690 5069 iubet
1726 5020 1842 5067 Par.
1884 5020 2029 5079 volyo

1663 5105 1758 5155 105
1797 5120 1992 5167 sueque
2031 5123 2073 5154 ω

2371 4075 2509 4121 uocis

1259 4847 1452 4895 discere
1497 4847 1625 4909 TMp
1667 4850 1740 4906 (ἐπ
1774 4847 1920 4909 my.),
1963 4847 2136 4896 ludere
2169 4863 2205 4908 p
2242 4855 2332 4898 cet.
2378 4849 2423 4895 Ε

812 4938 937 4980 tasse
973 4934 1077 4994 pie,
1122 4947 1416 4997 quanquam
1453 4936 1603 4982 etiam
1637 4934 1696 4980 de
1733 4935 1874 4995 pium
1912 4935 1987 4981 vel
2024 4935 2097 4996 pii
2133 4937 2339 4995 coyitara'
2371 4941 2528 4996 potest

812 5021 972 5067 fatum
1019 5016 1163 5069 Vm.⁴
1195 5021 1339 5079 volvo

813 5107 991 5153 metrii
1035 5105 1075 5151 T
1110 5106 1158 5166 (Ξ
1194 5121 1252 5154 ex
1289 5124 1316 5154 a
1353 5103 1440 5169 m2)

2305 411 2617 466 AVSONII

2580 1039 2641 1078 80

2578 2072 2637 2111 90

2537 3107 2630 3147 100

2470 3618 2475 3622 ‚
2539 3627 2631 3666 105

2748 602 3102 683 Ausonius,
3157 622 3390 668 nomen
3436 602 3707 683 Italum,

2748 711 3124 790 praeceptor
3168 705 3444 788 Augusti
3490 705 3619 788 tui,

2747 809 3095 893 Aesopiam
3141 809 3555 889 trimetriam,

2751 933 2943 993 quam
2989 914 3181 978 vertit
3224 913 3378 979 exili
3426 913 3572 978 stilo

2750 1017 3049 1099 pedestre
3097 1017 3492 1082 concinnans
3539 1037 3701 1100 opus

2751 1119 2931 1184 fandi
2978 1120 3274 1184 Titianus
3319 1120 3589 1184 artifex:

2749 1229 2821 1287 ut
2862 1223 3013 1288 hinc
3057 1224 3162 1288 avi
3209 1243 3286 1287 ac
3330 1222 3532 1307 patris
3581 1223 3813 1297 decus,

2749 1326 2947 1391 mixto
2993 1345 3337 1409 resurgens
3385 1325 3738 1407 sanguine,

2749 1430 3254 1515 Probiano<que>
3303 1436 3494 1510 atque
3541 1429 3802 1507 Anici0,

2749 1543 2818 1597 ut
2862 1533 3183 1614 quondam
3230 1534 3295 1597 in
3344 1533 3549 1597 Albae
3599 1533 3930 1597 moenibus

2750 1655 3084 1720 supremus
3130 1638 3353 1700 Aenea
3399 1642 3575 1708 satus

2749 1739 2984 1803 Silvios
3030 1740 3191 1803 Iulis
3236 1738 3527 1819 miscuit,

2749 1843 2842 1907 sic
2884 1843 3044 1920 iste,
3098 1843 3208 1924 qui
3252 1850 3443 1907 natus
3488 1841 3640 1920 tibi,

2749 1945 2865 2010 flos
2911 1945 3313 2010 flosculorum
3359 1944 3648 2024 Romuli,

2747 2049 3012 2114 nutricis
3056 2049 3223 2113 inter
3265 2049 3573 2113 lemmata

2747 2153 3011 2236 lallique
3059 2152 3434 2217 somniferos
3480 2150 3704 2215 modos

2746 2262 3001 2321 suescat
3046 2255 3288 2339 peritus
3335 2254 3575 2320 fabulis

2746 2359 2935 2423 simul
2981 2358 3175 2423 iocari
3225 2366 3288 2424 et
3334 2359 3641 2423 discere‘.

2747 2462 2868 2547 (et>
2918 2462 3086 2526 adde
3134 2469 3386 2543 votum,
3442 2461 3608 2543 quod
3658 2461 3762 2545 pio

2744 2565 3157 2650 concepimus
3202 2566 3295 2630 rei
3342 2566 3497 2630 deo:

2753 2674 2857 2734 ‘ut
2899 2669 3152 2752 genitor
3196 2671 3531 2752 Augustus
3578 2669 3758 2736 dedit

2742 2773 3012 2855 collegio
3059 2774 3191 2838 nati
3238 2774 3548 2855 Probum,

2742 2877 2834 2939 sic
2879 2876 3226 2940 Gratianus
3273 2876 3442 2941 hunc
3486 2898 3720 2942 novum

2739 2979 2921 3063 stirpi
2967 2980 3221 3044 futurae
3268 2981 3576 3064 copulet'.

2738 3089 2877 3146 rata
2923 3089 3067 3147 suut
3112 3082 3363 3163 futura,
3415 3104 3582 3166 quae
3631 3086 3873 3167 loquor.

2740 3187 2830 3250 sic
2877 3186 3294 3273 merita<que>
3344 3194 3407 3253 et
3451 3187 3653 3253 fatum
3699 3189 3946 3256 iubent.

2741 3291 2855 3354 sed
2900 3290 3027 3354 iam
3077 3298 3147 3355 ut
3192 3291 3485 3372 loquatur
3530 3292 3769 3376 Iulius,

2739 3394 2918 3457 sandi
2966 3393 3224 3458 modum
3273 3394 3474 3459 invita
3520 3396 3741 3479 accipe

2738 3497 3101 3580 volucripes
3148 3497 3443 3563 dimetria

2738 3601 3030 3684 haveque
3078 3600 3246 3664 dicto
3292 3602 3395 3666 dic
3442 3603 3611 3667 vale.

2560 3987 2624 4035 55
2662 4001 2726 4035 ne
2771 3987 2812 4033 T
2852 3986 2988 4045 (corr.
3029 3980 3118 4044 m2)
3166 3982 3233 4044 M,
3277 3997 3373 4031 neu
3409 3998 3443 4044 p
3747 3985 3810 4033 57
3849 3987 3935 4034 ille
3980 3988 4025 4033 Τ

2544 4054 2594 4091 ⁶¹³
2632 4074 2793 4121 modis
2826 4088 2890 4134 p,
2952 4072 3089 4118 uocis
3125 4070 3206 4118 ffio
3247 4070 3288 4115 Τ
3579 4071 3644 4121 58
3681 4073 3786 4121 leni
3832 4086 3930 4120 om.
3981 4073 4025 4119 T

2774 4158 2841 4207 60
2877 4170 3055 4206 uacare
3100 4156 3141 4202 T
3180 4156 3224 4216 (a
3253 4171 3331 4217 pr.
3374 4171 3431 4204 cx
3466 4171 3494 4205 o
3528 4155 3619 4218 m2)
3832 4172 3974 4208 coreo
4014 4158 4088 4218 M,

2242 5020 2338 5070 102
2376 5019 2488 5088 sed]
2525 5024 2595 5070 sic
2638 5021 2679 5068 T

2280 5113 2392 5167 post
2429 5108 2541 5155 nale
2577 5107 2696 5157 add.
2740 5109 2849 5155 flnit
2888 5105 2944 5152 M

3298 4244 3521 4306 pelleget
3552 4243 3709 4305 ΤΜΕ,
3744 4247 3970 4307 perleget
3995 4251 4090 4295 ccl.

3602 4330 3666 4379 74
3704 4346 3782 4379 em
3815 4331 3856 4378 T
3880 4332 3962 4394 (en
3991 4329 4083 4396 m2)

3760 4415 3819 4465 81
3863 4419 4090 4467 ticiauus

3742 4502 3808 4552 84
3845 4504 4092 4552 Probisno

2910 4328 2976 4378 72
3013 4328 3314 4390 perhemnet
3340 4329 3396 4375 M

2734 4417 2798 4466 80
2836 4416 3071 4480 pedestre
3113 4414 3174 4476 Τ,
3212 4415 3340 4476 pede
3375 4422 3467 4465 cet.
3510 4417 3555 4463 Ε

2784 4503 2849 4551 83
2888 4502 3142 4561 refulgens
3188 4500 3335 4549 γοα*
3370 4503 3515 4563 volqo

3324 4587 3387 4637 87
3424 4590 3582 4636 iulius
3621 4604 3685 4650 ω,
3726 4590 3873 4637 Iuliis
3920 4589 4083 4650 Ven.⁴,

2858 4676 2923 4725 90
2961 4664 3180 4724 lemii‘ata
3224 4674 3264 4720 Τ
3304 4673 3368 4734 (m
3405 4671 3519 4734 m2),
3562 4676 3804 4723 leminata
3843 4675 3911 4738 M,
3956 4677 4086 4724 lem-

3403 4760 3465 4809 93
3504 4761 3655 4808 simul
3694 4768 3747 4809 et
3780 4763 3933 4810 iocari
3978 4762 4019 4808 T

2764 4931 2854 4982 101
2899 4948 2996 4996 que
3034 4933 3226 4995 addidi,
3267 4948 3364 4982 orn.
3407 4949 3448 4981 ω
3685 4935 3760 4982 sic
3796 4936 3976 4982 merita
4014 4937 4087 4983 sic

2907 5019 3001 5069 ¹04
3043 5021 3334 5081 uolucripen
3380 5019 3422 5065 Τ
3463 5020 3509 5078 (ιι
3549 5035 3607 5068 ex
3644 5035 3667 5068 s
3703 5017 3792 5081 m2)
4010 5021 4087 5069 di-
