4630 6435
820 420 944 484 236
2291 414 2601 472 AVSONII

816 609 929 692 qui
973 629 1120 674 eum
1164 607 1362 693 prius,
1416 627 1610 690 quam
1654 614 1858 673 mater
1900 608 2187 688 nuberet,
2241 605 2421 671 abire
2465 605 2868 690 prohibebat.
2962 625 3089 689 qua
3132 604 3546 671 altercatione
3592 604 3703 670 diu
3748 611 4067 689 protracta
4108 627 4133 664 5

817 710 1154 778 concilium
1210 709 1592 776 dissolutum
1637 717 1758 776 est.
1850 709 2275 776 Telemachus
2318 708 2406 773 ad
2449 709 2601 773 litus
2660 708 2869 793 procis
2927 708 3367 792 ignorantibus
3426 708 3658 792 pergit.
3750 714 4067 774 astantem

814 812 938 879 sibi
982 813 1259 878 adorans
1303 813 1658 878 Minervam
1702 811 2203 897 peregrinationi
2248 810 2659 877 accommoda
2702 818 2919 894 parat,
2987 811 3278 877 hortante
3337 811 3616 876 maxime
3676 810 3833 893 dea,
3900 831 4066 893 quae

814 917 1124 1001 populum
1169 915 1508 1001 ipsumque
1552 915 2012 980 Telemachum
2059 915 2364 980 Mentoris
2410 914 2815 980 simulatione
2861 914 3151 980 fallebat.
3246 915 3552 980 instructo
3597 935 3748 998 ergo
3800 913 4067 997 remigio
4142 993 4143 1000 ἵ

815 1026 879 1085 et
921 1040 1088 1085 nave
1134 1019 1412 1085 deducta
1453 1018 1882 1084 Telemachus
1927 1026 1990 1084 et
2033 1018 2324 1084 Minerva
2368 1017 2451 1083 de
2494 1025 2679 1103 portu
2724 1037 2991 1102 vespere
3036 1018 3316 1084 instante
3361 1018 3709 1083 solverunt.

2382 1276 2500 1340 III.

986 1430 1099 1497 28.
1636 1424 1886 1502 Ἠέλιος
1934 1427 1992 1494 δ’
2048 1425 2357 1516 ἀνόρουσε,
2412 1425 2599 1495 λιπών
2644 1432 3013 1516 περικαλλέα
3058 1430 3291 1515 λίμνην.
3962 1439 4060 1487 447

1637 1532 1775 1598 Iam
1820 1534 1914 1598 sol
1962 1533 2218 1599 Oceano
2265 1533 2549 1599 radiatos
2593 1541 2993 1619 prompserat
3036 1540 3230 1599 ortus.

982 1635 1408 1701 Telemachus
1439 1636 1778 1701 Nestorem
1824 1635 1905 1702 de
1951 1643 2134 1720 patre
2180 1643 2604 1721 percunctans
2647 1636 2809 1701 nihil
2856 1636 3004 1701 novi
3034 1636 3270 1721 accipit
3301 1637 3383 1701 ab
3414 1635 3771 1719 ignorante.
3843 1654 4063 1699 verum

810 1737 984 1803 idem
1031 1758 1232 1804 senex
1276 1739 1570 1821 sequenti
1615 1738 1752 1819 die,
1819 1759 1960 1804 cum
2006 1739 2340 1805 Pisistrato
2385 1739 2517 1805 filio
2563 1747 2632 1805 ut
2675 1739 2760 1805 ad
2805 1740 3170 1805 Menelaum
3217 1746 3479 1824 pergat,
3546 1738 3854 1803 hortatur.
3948 1756 4065 1802 nec

816 1862 996 1907 mora
1041 1841 1213 1907 facta
1273 1841 1572 1907 consilio:
1657 1849 1840 1908 nocte
1901 1842 2138 1927 quippe
2200 1864 2312 1924 ea,
2394 1863 2561 1927 quae
2621 1850 2964 1908 consecuta
3023 1853 3153 1923 est,
3227 1842 3401 1928 apud
3459 1843 3700 1907 Pheras
3762 1840 4064 1925 oppidum
4106 1865 4131 1903 5

811 1944 1092 2029 hospitio
1135 1943 1383 2010 Dioclis
1428 1944 1754 2010 deversati
1799 1945 1904 2010 die
1949 1946 2154 2012 altero
2202 1945 2751 2012 Lacaedemonem
2799 1946 3252 2029 pervehuntur.

2357 2204 2509 2268 IIII.

980 2355 1093 2422 29.
1641 2355 1749 2442 <Οἳ
1792 2353 1851 2423 δ’
1907 2357 2026 2430 ἷξον
2073 2359 2280 2442 κοίλην
2330 2356 2753 2442 Λακεδαίμονα
2798 2355 3203 2442 immisceant).
3964 2366 4062 2416 448

1627 2461 1892 2544 Iamque
1936 2460 2102 2526 adeo
2147 2467 2407 2526 ventum
2455 2460 2714 2526 validae
2762 2461 3278 2526 Lacedaemonos
3323 2479 3527 2525 arces.

976 2541 1436 2627 Telemachum
1482 2569 1547 2628 et
1588 2562 1698 2645 qui
1760 2582 1903 2627 cum
1963 2583 2039 2628 eo
2100 2569 2409 2628 venerant
2466 2563 2801 2629 Menelaus
2861 2563 3125 2627 comiter
3183 2561 3458 2647 hospitio
3519 2561 3753 2647 accipit
3808 2562 4063 2644 iamque

808 2665 926 2730 sub
973 2683 1246 2748 vespera
1304 2664 1622 2747 quaedam
1684 2666 1764 2731 de
1811 2665 1999 2731 Vlixe
2061 2671 2473 2750 cognoscunt.
2568 2665 2673 2731 die
2735 2685 2884 2731 vero
2929 2667 3133 2730 altero
3189 2673 3389 2731 totum
3434 2664 3863 2748 navigationis
3908 2684 4063 2730 suae

807 2767 1093 2832 ordinem
1139 2767 1473 2834 Menelaus
1518 2768 1843 2852 explanat,
1895 2769 2189 2853 quodque
2235 2769 2301 2834 in
2349 2767 2606 2853 Ogygia
2648 2769 2863 2834 insula
2905 2769 3237 2853 promissis
3283 2774 3347 2834 et
3376 2768 3696 2833 illecebris
3739 2767 4062 2851 nymphae
4104 2793 4130 2832 5

807 2868 1193 2954 Calypsonis
1225 2869 1448 2935 Vlixes
1493 2869 1858 2950 retineatur,
1914 2872 2204 2956 exponit:
2262 2891 2429 2955 quae
2474 2871 2732 2954 quidem
2765 2872 3031 2937 Proteus
3077 2871 3287 2937 eidem
3331 2878 3703 2937 narraverat
3745 2870 3826 2934 de
3859 2869 4065 2934 Grae-

807 2989 1021 3035 corum
1077 2970 1351 3036 ducibus
1407 2973 1775 3055 requirenti.
1884 2975 2060 3058 proci
2121 2981 2337 3040 autem
2395 2982 2733 3059 postquam
2791 2974 2873 3040 de
2933 2974 3111 3040 abitu
3173 2973 3547 3039 Telemachi
3616 2978 4057 3057 conpereruut,

804 3072 1113 3138 instructa
1158 3074 1558 3157 deductaque
1603 3076 1754 3141 navi
1798 3075 2062 3159 viginti,
2131 3078 2239 3160 qui
2284 3096 2431 3144 sese
2488 3078 2811 3160 legerant,
2877 3077 3384 3161 enavigaverunt
3440 3076 3733 3142 redeunti
3792 3075 4064 3142 insidias

805 3176 1164 3244 molientes.
1249 3177 1418 3243 circa
1446 3178 1767 3244 Asteriam
1800 3199 1952 3263 ergo
1983 3180 2283 3264 insulam,
2338 3200 2503 3264 quae
2534 3180 2819 3248 Ithacam
2854 3181 3241 3266 Samumque
3272 3179 3628 3265 interiacet,
3679 3179 4065 3246 delitescen-

807 3285 904 3345 tes
952 3280 1348 3345 occasionem
1395 3279 1642 3346 fraudis
1689 3290 2051 3366 expectant.
4108 3307 4166 3347 ιο

2389 3541 2465 3606 V.

978 3688 1091 3757 30.
1637 3690 1841 3777 <Huic
1890 3690 1947 3757 δ’
2001 3698 2069 3759 ἐκ
2115 3696 2346 3781 λεχέων
2390 3692 2535 3780 παρ’
2593 3690 2821 3780 ἀγαυοῦ
2866 3695 3220 3781 Τιθωνοῖο>.
3961 3705 4061 3754 449

1629 3796 1936 3880 Liquerat
1977 3799 2045 3862 in
2090 3798 2309 3883 tepido
2354 3799 2697 3864 Tithonum
2743 3802 2991 3865 Aurora
3035 3800 3254 3865 cubili.

976 3895 1328 3961 Mercurius
1374 3896 1441 3960 in
1486 3896 1808 3982 Ogygiam
1853 3900 2131 3965 insulam
2178 3901 2456 3981 devolat,
2513 3910 2583 3968 ut
2626 3903 2797 3968 Iovis
2828 3903 3081 3969 monitis
3114 3902 3395 3988 Calypso
3435 3902 3776 3968 conterrita
3805 3901 4058 3966 Vlixem

804 3996 1089 4080 patiatur
1131 3998 1506 4063 abscedere.
1600 4002 1708 4084 qui
1754 4011 2051 4070 contextu
2096 4005 2253 4070 ratis
2298 4011 2538 4071 temere
2569 4014 2908 4092 properato
2945 4006 3422 4087 navigationem
3453 4005 3627 4071 solus
3657 4004 4056 4087 aggreditur.

803 4097 1324 4165 duodevicesima
1368 4100 1475 4166 die
1519 4109 1898 4187 tempestate
1945 4116 2271 4189 conmota‚
2328 4128 2410 4173 ex
2454 4108 2789 4174 iracundia
2830 4108 3175 4174 infestante
3212 4110 3532 4193 Neptuno,
3587 4108 3859 4173 trabium
3907 4127 4060 4173 con-
4101 4135 4127 4172 5

803 4221 971 4284 pago
1017 4202 1409 4268 dissolvitur.
1505 4225 1629 4288 quo
1676 4226 1829 4273 casu
1875 4209 2166 4292 proditus
2213 4210 2477 4276 ultimae
2524 4211 2664 4296 spei
2710 4217 2774 4278 et
2816 4212 3010 4277 irritis
3058 4212 3390 4277 conatibus
3419 4218 3648 4277 natans
3679 4212 3762 4275 ab
3792 4211 3906 4276 Ino
3936 4210 4062 4276 dea

977 4496 1006 4543 5
1044 4492 1162 4562 qua]
1199 4497 1317 4557 quia
1353 4496 1398 4544 P
1603 4501 1634 4549 6
1672 4502 1819 4550 littus
1864 4502 2085 4565 (semper)
2134 4503 2222 4564 Uq.
2440 4502 2470 4552 8
2507 4507 2724 4565 remegio
2760 4505 2806 4552 P

975 4576 1077 4632 28·
1154 4581 1173 4630 1
1220 4586 1390 4630 ΗΛΙΟΟ
1421 4586 1848 4636 ΔΑΝΟΡΟΥΟΕΝΑΙ
1877 4590 2238 4638 ΠΕΡΙΚΑΛΛΕΑ
2276 4589 2324 4636 Ρ
2544 4591 2574 4639 2
2611 4605 2820 4641 occeano
2859 4590 2904 4637 P
3132 4591 3161 4639 3
3201 4596 3494 4654 percunctaa
3530 4604 3688 4655 senex
3724 4590 3820 4652 ae}
3849 4590 3906 4650 P,
3950 4604 4062 4653 per-

804 4670 1068 4714 cunctatus
1113 4666 1224 4726 1.’9.,
1266 4677 1598 4730 percunctans
1633 4685 1733 4734 eqo,
1776 4679 2097 4734 percontatus
2133 4675 2250 4725 Par.
2281 4678 2424 4736 volqo
2633 4678 2789 4726 nichil
2827 4677 2871 4725 P
3095 4679 3125 4727 4
3163 4684 3349 4727 ortatur
3385 4677 3431 4725 P
3657 4679 3686 4726 5
3725 4679 3854 4727 facto
3897 4676 3988 4738 09.

802 4751 1008 4814 opidum
1033 4752 1078 4798 P
1285 4752 1316 4802 6
1351 4753 1549 4804 diolede
1573 4756 1631 4818 P,
1673 4759 1859 4807 Dioclis
1894 4760 1981 4820 Uq.
2198 4764 2387 4810 uersati
2414 4763 2459 4809 P
2489 4763 2597 4825 Cy„
2640 4764 2879 4815 diversati
2906 4762 3101 4812 Gronov
3313 4765 3466 4812 altera
3506 4766 3623 4825 (om.
3650 4764 3753 4824 die)
3798 4762 3891 4823 vy.
3919 4765 4060 4822 volyo

974 4833 1075 4889 29.
1154 4839 1339 4888 Graeca
1377 4855 1500 4903 quae
1534 4842 1819 4893 exciderunt
1857 4848 1911 4893 in
1939 4846 2181 4906 periochis
2217 4848 2455 4897 librorum
2494 4850 2811 4910 IIII—XII,
2853 4851 3295 4898 XXII—XXIIII
3329 4851 3553 4911 supplevi
3775 4848 3806 4897 2
3844 4862 4060 4911 namque

806 4923 851 4970 P
882 4922 996 4985 Cy„
1036 4926 1233 4986 iamque
1266 4923 1410 4977 ναι*
1606 4926 1750 4995 adeo]
1786 4931 1931 4980 adam
1957 4932 2001 4980 P
2196 4935 2361 4983 ualide
2386 4950 2415 4983 a
2443 4934 2501 4996 P,
2543 4937 2734 4984 validae
2767 4936 2878 4996 (om.
2911 4939 2953 4997 a)
2997 4936 3109 4997 Up„
3150 4937 3343 4986 validae
3367 4937 3428 4985 ad
3461 4934 3604 4986 ναι*
3628 4938 3771 4996 volqo
3970 4936 4061 4982 La-

807 5003 1244 5071 cedaemona‘Uq„
1288 5011 1675 5063 Lacedaemonis
1709 5013 1851 5064 Ven.⁴
1874 5020 2018 5078 volyo
2216 5027 2350 5069 artes
2375 5020 2422 5067 P
2451 5020 2562 5083 Uo„
2603 5035 2741 5070 arces
2777 5019 2918 5073 Ver».⁴
3127 5022 3156 5071 3
3195 5036 3417 5083 saneque
3449 5022 3535 5083 L'9.
3567 5023 3709 5081 volyo
3915 5022 3948 5069 4
3984 5022 4061 5068 al-

805 5100 912 5143 tera
958 5095 1044 5156 [ἐρ.
1087 5098 1230 5157 υοιρο
1440 5113 1561 5148 suae
1598 5114 1695 5149 om.
1744 5101 1833 5162 Uq.
1872 5104 2017 5163 volpe
2251 5106 2280 5153 5
2320 5119 2506 5167 ogygya
2541 5107 2586 5154 P
2815 5108 3021 5170 nimphe
3060 5110 3310 5171 calypsoni
3345 5108 3390 5155 P
3617 5106 3649 5156 6
3685 5108 3964 5156 retineatur
3998 5106 4057 5166 P,

807 5186 1060 5229 remeatur
1104 5181 1214 5243 Cy„
1255 5190 1531 5234 remoratur
1576 5184 1734 5248 Ven.⁴‚
1775 5196 2052 5238 remoretur
2093 5191 2287 5240 Gronov
2312 5194 2455 5252 volyo
2664 5208 2863 5256 queque
2900 5195 2959 5255 P,
3002 5209 3228 5258 quaeque
3273 5195 3383 5257 Uy„
3426 5208 3553 5257 quae
3600 5191 3741 5243 Vm.⁴
3947 5206 4058 5253 pro·

804 5265 953 5313 theus
979 5266 1024 5312 P
1229 5277 1519 5320 manauerat
1548 5271 1593 5318 P
1798 5272 1825 5320 7
1866 5276 1996 5335 proti
2034 5290 2090 5338 a3
2123 5277 2168 5324 P
2372 5278 2549 5327 habitu
2585 5279 2630 5326 P
2659 5280 2772 5340 159„
2815 5281 2957 5328 abitu
2982 5280 3103 5331 Par.
3315 5294 3590 5342 conpetens
3618 5279 3675 5341 P,
3718 5285 4063 5342 compererunt

812 5349 900 5410 129.
1115 5350 1144 5401 8
1182 5361 1233 5400 et
1270 5358 1546 5416 nauigauer
1581 5358 1637 5420 P,
1680 5361 1975 5420 navigavere
2020 5361 2134 5423 Up„
2176 5364 2570 5424 enavigaverunt
2602 5366 2780 5414 Har-iel
2988 5365 3019 5413 9
3057 5367 3355 5428 saniumque
3394 5367 3438 5413 P
3640 5367 3980 5415 dilitescentes
4020 5364 4065 5411 P

978 5431 1078 5488 30.
1149 5438 1179 5486 2
1218 5440 1480 5499 tythonum
1518 5442 1563 5490 P
1768 5447 1932 5494 cubile
1975 5447 2020 5494 P
2062 5448 2175 5509 ΠΨ,
2216 5450 2374 5499 cubili
2414 5450 2533 5500 Par.
2772 5451 2801 5499 3
2840 5453 3024 5514 calipso
3061 5455 3302 5501 conterite
3340 5453 3385 5500 P
3425 5453 3514 5513 Uo.
3742 5453 3774 5501 4
3810 5452 4061 5501 discedere

813 5521 900 5583 Cp.
938 5525 1079 5585 volyo
1332 5535 1562 5591 properat
1598 5537 1649 5578 at
1684 5531 1743 5591 P,
1784 5539 2046 5595 properate
2092 5534 2202 5598 U9.,
2245 5544 2537 5598 properatae
2574 5537 2725 5585 Barth
2762 5539 2921 5599 volpe,
2963 5545 3223 5601 properato
3259 5539 3498 5589 Heinsius
3750 5538 3781 5585 5
3817 5537 4061 5586 duodeui-

802 5610 1010 5657 cessima
1049 5608 1106 5669 P,
1146 5610 1552 5673 duodevigesima
1594 5615 1681 5676 L'p.
1929 5626 2170 5669 commota
2215 5621 2303 5682 Uq.
2553 5637 2785 5685 compago
2832 5623 2919 5684 [ἐρ.
3170 5625 3201 5674 6
3240 5625 3469 5688 proditus
3509 5623 3805 5686 Mammea,
3835 5624 4061 5685 proditur

804 5693 849 5739 P
887 5695 979 5755 Uy.
1191 5697 1355 5746 nando
1400 5698 1489 5759 Cy.
1529 5703 1670 5761 volyo
1878 5706 1962 5753 ino
2000 5706 2111 5754 dam
2150 5706 2195 5753 P
