4630 6435
852 387 967 451 Lx
2245 387 2703 442 Pssoossmvu.

1028 612 1103 675 In
1164 610 1557 696 discrepanti
1613 612 1905 678 codicum
1963 612 2236 677 lectione
2298 611 2620 677 enotanda
2677 632 2804 677 non
2860 619 2992 676 tam
3052 611 3349 677 brevitati
3410 609 3750 678 studebam
3801 632 3989 695 quam
4036 610 4107 676 id

858 732 1152 813 agebam,
1208 737 1280 796 ut
1323 751 1420 811 ea,
1477 751 1641 815 quae
1687 731 1753 796 in
1797 730 1917 796 hoc
1960 731 2284 816 prooemio
2330 730 2610 797 breviter
2654 731 3105 807 disserueram,
3158 731 3324 816 ipsis
3367 732 3669 796 librorum
3716 731 4107 797 testimoniis

854 856 1003 915 ante
1062 851 1283 916 oculos
1343 851 1569 937 positis
1626 851 2149 917 confirmarentur
2199 857 2295 931 et,
2365 871 2534 933 quae
2578 851 2858 916 rationes
2901 852 3068 918 inter
3113 852 3402 935 singulos
3449 851 3702 917 codices
3745 851 4107 916 intercede-

858 978 1027 1053 rent,
1099 971 1461 1037 accuratius
1520 972 1819 1055 cognosci
1876 980 2117 1057 posset.
2211 992 2406 1055 quam
2466 973 2546 1037 ob
2603 993 2737 1038 rem
2798 993 2879 1038 ex
2923 972 3141 1053 libris,
3210 972 3316 1055 qui
3362 972 3449 1038 ad
3493 973 3767 1038 alterum
3813 971 4103 1037 codicum

852 1111 1060 1176 genus
1121 1093 1475 1177 pertinent,
1545 1100 1800 1177 praeter
1844 1092 2210 1159 levissimas
2256 1093 2572 1175 quasdam
2617 1113 2720 1158 res
2767 1092 3028 1159 exhibui
3075 1092 3424 1177 scripturas
3468 1092 3787 1175 integras,
3854 1113 3936 1157 ex
3982 1092 4095 1172 eis,

851 1213 960 1296 qui
1005 1219 1153 1278 sunt
1197 1213 1429 1298 prioris
1474 1212 1767 1296 generis,
1824 1214 2062 1279 codicis
2118 1219 2164 1277 T
2203 1213 2515 1279 lectiones
2559 1232 2813 1293 omnes,
2870 1212 3108 1279 codicis
3155 1217 3220 1276 Μ
3261 1212 3397 1278 fere
3442 1232 3701 1296 omnes,
3756 1212 3994 1278 codicis
4039 1213 4098 1290 λ,

851 1332 960 1397 ubi
1023 1332 1178 1398 defit
1221 1338 1317 1413 M,
1386 1334 1732 1418 plerasque
1792 1334 2171 1418 corruptelis
2231 1332 2625 1399 foedioribus
2684 1333 2974 1413 omissis,
3045 1340 3397 1399 ceterorum
3457 1334 3732 1398 selectas
3777 1332 4100 1417 proposui.

857 1452 973 1517 sed
1020 1458 1090 1516 ut
1133 1452 1359 1517 horum
1407 1453 1603 1518 etiam
1649 1454 1985 1533 librorum,
2042 1453 2148 1536 qui
2195 1453 2455 1519 Tiliano
2501 1461 2567 1519 et
2609 1453 3207 1537 Magliabecchiano
3266 1453 3602 1519 inferiores
3648 1459 3827 1532 sunt,
3882 1451 4109 1517 notitia

852 1573 1069 1656 paullo
1131 1575 1486 1640 accuratior
1543 1574 1899 1658 comparari
1957 1581 2203 1660 posset,
2273 1574 2795 1640 adnotationibus
2848 1574 2932 1639 ad
2978 1573 3341 1640 Gratiarum
3388 1574 3703 1639 actionem
3752 1573 4105 1638 uberiorem

852 1694 1208 1779 scripturae
1268 1694 1589 1760 delectum
1648 1695 1910 1760 inserui.
2010 1702 2347 1779 praeterea
2404 1716 2532 1760 non
2575 1696 2657 1761 ab
2706 1715 2773 1760 re
2817 1695 3098 1761 alienum
3147 1715 3293 1761 esse
3340 1694 3496 1760 duxi
3538 1701 3752 1760 textus
3797 1694 4097 1776 volgariS‚

850 1813 961 1897 qui
1020 1814 1085 1878 in
1144 1814 1423 1881 editione
1469 1814 1770 1879 Tolliana
1828 1815 2080 1896 nititur,
2151 1815 2461 1882 lectiones
2518 1815 2613 1880 ita
2659 1835 3182 1895 commemorare,
3249 1822 3318 1899 ut
3361 1814 3553 1881 simul
3599 1815 3770 1881 unde
3815 1835 4105 1897 quaeque

849 1934 1157 2017 originem
1202 1934 1549 2001 traxissent
1590 1934 2002 2001 indicaretur.
2095 1956 2227 2019 qua
2269 1956 2339 2001 re
2383 1955 2546 2019 quas
2593 1936 2874 2002 rationes
2921 1942 3169 2001 veteres
3215 1935 3491 2000 editores
3534 1941 3729 2018 atque
3775 1933 3840 1998 in
3885 1934 4106 2019 primis

848 2052 1160 2139 Iosephus
1205 2055 1421 2120 Iustus
1467 2054 1792 2137 Scaliger,
1859 2075 2050 2137 quem
2096 2056 2483 2140 posteriores
2527 2057 2902 2141 plerumque
2949 2055 3152 2122 secuti
3198 2062 3373 2135 sunt,
3444 2054 3509 2119 in
3556 2054 3840 2120 Ausonio
3884 2026 4107 2121 recen-

847 2175 1048 2241 sendo
1094 2182 1287 2257 atque
1332 2174 1736 2241 emendando
1780 2176 2066 2261 amplexi
2112 2176 2256 2257 sint,
2310 2175 2440 2241 iam
2486 2176 2663 2242 facili
2708 2175 2967 2259 negotio
3011 2176 3223 2259 quivis
3266 2175 3622 2258 intelleget.

1019 2296 1535 2381 Orthographiae
1582 2297 1869 2363 codicum
1915 2316 2080 2379 eam,
2133 2317 2299 2379 quae
2346 2296 2643 2363 sufficere
2688 2297 3057 2379 videbatur,
3108 2297 3176 2361 in
3222 2295 3695 2362 commentariis
3742 2294 3895 2361 dedi
3939 2296 4106 2362 noti-

849 2417 1027 2481 tiam.
1121 2417 1339 2501 itaque
1382 2415 1569 2481 omisi
1613 2435 1716 2482 res
1761 2416 2125 2483 levissimas
2169 2417 2374 2483 veluti
2427 2421 2496 2482 ‘e
2535 2443 2545 2481 :
2588 2420 2715 2499 ae’,
2777 2417 2870 2482 ‘ci
2907 2441 2918 2479 ε
2955 2416 3060 2499 ti',
3112 2423 3449 2502 praeterea
3494 2436 3575 2481 ex
3620 2416 3769 2481 libri
3821 2422 3866 2479 V
3903 2416 4106 2501 scrip-

846 2536 1005 2602 turis
1048 2535 1236 2616 tales,
1291 2538 1518 2618 quales
1564 2543 1715 2602 sunt
1765 2536 1972 2618 ‘mici,
2010 2536 2184 2619 nicil,
2225 2538 2466 2602 uellum
2509 2538 2822 2621 (bellum),
2859 2537 3023 2602 abus
3065 2538 3298 2621 (auus),
3341 2537 3504 2601 abeo
3545 2536 3824 2621 (habeo),
3870 2536 4098 2618 abito’,

844 2675 1009 2737 quas
1054 2656 1400 2741 scripturas
1444 2662 1579 2721 tum
1625 2657 1905 2738 demum,
1958 2656 2014 2721 si
2058 2656 2231 2740 quod
2274 2664 2662 2723 momentum
2700 2657 2766 2722 in
2798 2656 2894 2722 eis
2926 2656 3140 2721 inesse
3171 2656 3527 2738 videbatur,
3582 2656 4099 2723 commemoravi.

843 2776 1113 2842 eandem
1159 2777 1467 2843 rationem
1511 2776 1576 2841 in
1621 2776 1725 2841 his
1772 2777 2103 2861 scripturis
2148 2777 2396 2843 vitiosis
2440 2798 2634 2843 manu
2679 2778 2887 2843 altera
2932 2777 3231 2842 correctis
3276 2777 3616 2861 amplexus
3662 2796 3848 2858 sum,
3904 2776 4104 2841 veluti

838 2898 893 2963 si
947 2897 1161 2963 ‘mici‘
1207 2897 1274 2962 in
1329 2897 1576 2979 ‘mihi’,
1652 2896 1877 2963 ‘abus’
1925 2897 1990 2962 in
2044 2900 2242 2963 ‘auus
2260 2898 2294 2980 ²,
2371 2898 2601 2964 ‘abeo’
2648 2897 2715 2962 in
2771 2897 3036 2964 ‘habeo'
3083 2905 3330 2964 mutata
3375 2905 3543 2978 sunt,
3605 2898 3708 2963 vel
3752 2896 3821 2961 in
3866 2895 4098 2962 litteris

840 3039 1032 3082 manu
1080 3018 1286 3083 altera
1328 3018 1548 3100 illatis,
1601 3018 1802 3083 veluti
1853 3012 2130 3084 ‘effero’
2192 3021 2325 3101 (‘n'
2372 3022 2512 3101 271²),
2574 2996 2732 3102 ‘q⁵⁸’
2791 3019 2918 3101 (‘a’
2967 3020 3101 3099 ⁷12²).
3217 3039 3365 3082 nam
3413 3018 3469 3083 si
3514 3037 3737 3082 omnes
3785 3017 4101 3083 eiusmodi

840 3156 944 3203 res
988 3139 1499 3223 proposuissem,
1551 3136 1775 3203 inutili»
1807 3138 1977 3203 mole
2023 3157 2391 3203 onerassem
2439 3138 2822 3223 adparatum
2866 3158 2944 3203 ac
2990 3137 3274 3203 taedium
3321 3157 3653 3223 parassem
3700 3136 4092 3222 legentibus

837 3267 1116 3323 ceterum
1166 3259 1247 3324 de
1293 3258 1394 3323 his
1442 3258 1774 3341 scripturis
1820 3259 2076 3324 abunde
2125 3279 2226 3324 me
2272 3258 2518 3324 dixisse
2564 3266 2716 3343 puto
2762 3265 2827 3323 et
2868 3258 2933 3324 in
2981 3259 3305 3343 prooemio
3359 3265 3443 3343 (p.
3480 3259 3772 3324 XXXIII
3803 3258 3955 3323 adn.
3990 3262 4090 3342 22)

842 3387 907 3444 et
949 3378 1015 3444 in
1060 3379 1275 3444 indice
1319 3378 1528 3445 terti0.

1014 3501 1087 3564 In
1148 3498 1561 3580 coniecturiS,
1632 3500 1769 3564 sive
1828 3519 1945 3565 eae
2003 3500 2086 3564 ab
2144 3499 2292 3565 aliis
2353 3500 2721 3585 propositae
2767 3506 2951 3565 erant
2995 3501 3133 3564 sive
3177 3520 3218 3563 a
3261 3520 3364 3565 me
3409 3502 3769 3584 profectae,
3839 3501 3908 3564 in
3955 3521 4100 3566 ver-

840 3622 1059 3685 borum
1123 3619 1412 3685 ordinem
1471 3619 1867 3704 recipiendis
1927 3620 2178 3705 parcior
2234 3619 2350 3684 fui.
2445 3641 2586 3686 raro
2648 3620 2845 3703 igitur
2889 3621 2954 3685 in
3000 3620 3286 3684 oratione
3331 3620 3779 3687 constituenda
3825 3640 3936 3686 eas
3982 3621 4098 3686 ad-

845 3739 1058 3820 hibui,
1115 3741 1492 3825 plerumque
1538 3740 1602 3804 in
1648 3740 2061 3805 adnotatione
2106 3741 2630 3807 commemoravi:
2687 3740 2844 3826 quid
2890 3739 3060 3823 quod
3102 3740 3444 3804 nonnullas
3489 3741 3571 3805 ab
3619 3741 3767 3805 aliis
3812 3743 4097 3825 prolatas

842 3861 1052 3924 sciens
1094 3859 1375 3942 neglexi,
1429 3860 1521 3925 ita
1564 3866 1797 3938 tamen,
1853 3867 1922 3925 ut
1967 3860 2139 3924 locos
2184 3859 2518 3942 quosdam,
2575 3859 2684 3942 qui
2731 3860 2884 3924 mihi
2933 3860 3248 3924 immerito
3294 3859 3360 3923 in
3407 3860 3838 3944 suspicionem
3885 3862 4097 3927 vocari

840 3980 1243 4060 videbantur,
1297 3981 1476 4044 brevi
1523 3979 1586 4044 in
1633 3979 1848 4044 indice
1891 3980 2077 4045 tertio
2106 3979 2632 4063 interpretatione
2663 3979 2918 4044 adiecta
2949 3979 3361 4044 defenderem
3384 3985 3459 4062 ³).
3541 3986 3824 4045 ceterum
3857 3988 4094 4063 quanto

1026 4310 1075 4371 3)
1117 4310 1178 4357 de
1214 4309 1336 4359 locis
1374 4309 1672 4370 quibusdam
1710 4310 2018 4358 Ausoniauis
2056 4311 2345 4359 novissimis
2384 4313 2691 4373 temporibus
2728 4312 3116 4373 disputaverunt
3152 4311 3208 4360 C.
3237 4311 3296 4360 Ο.
3334 4312 3440 4359 Axt
3475 4311 3681 4368 Quaest.
3723 4313 3914 4360 Auson.
3955 4313 4096 4374 Lips.

842 4395 1004 4458 1873,
1054 4410 1105 4457 p.
1148 4394 1214 4443 20
1239 4410 1381 4457 sqq.,
1441 4397 1535 4443 Ae.
1577 4395 1831 4443 Baehrens
1867 4397 2004 4445 Anu.
2047 4397 2168 4458 phil.
2220 4395 2376 4458 1876,
2438 4395 2530 4445 151
2561 4412 2700 4458 sqq.,
2759 4398 2818 4445 G.
2861 4399 3086 4446 Braudes
3135 4398 3341 4454 Quaest.
3385 4399 3577 4445 Auson.
3629 4398 3898 4458 Brunsvig.
3943 4397 4093 4459 1876,

837 4498 886 4545 p.
920 4481 984 4531 32
1007 4497 1115 4544 sqq.
1166 4482 1297 4543 (Act.
1339 4496 1434 4530 soc.
1476 4482 1604 4543 phil.
1645 4482 1787 4543 Lips.
1829 4484 1877 4530 V
1913 4480 2055 4545 319),
2098 4486 2233 4531 Anu.
2274 4484 2404 4546 phil.
2451 4481 2564 4546 115,
2609 4482 2739 4545 8613
2785 4482 2898 4543 119,
2942 4482 3042 4533 318
3069 4498 3213 4545 sqq.;
3260 4482 3374 4543 123,
3416 4482 3481 4532 63
3504 4498 3649 4545 sqq.;
3695 4484 3753 4533 R.
3789 4485 4098 4532 Dezeimeris

839 4571 1028 4629 Leeons
1064 4569 1322 4616 nouvelles
1359 4573 1411 4615 et
1446 4581 1731 4629 remarques
1768 4583 1856 4616 sur
1891 4571 1938 4617 le
1976 4575 2117 4617 texte
2154 4570 2216 4617 de
2254 4569 2424 4618 divers
2460 4575 2666 4618 auteurs
2704 4570 2853 4619 Burd.
2903 4569 3062 4632 1876,
3106 4586 3153 4631 p.
3188 4568 3254 4617 74
3279 4585 3418 4632 sqq.,
3481 4570 3793 4619 Corrections
3843 4568 4096 4619 d’Ausone

839 4658 958 4704 Rev.
1002 4657 1114 4705 crit.
1159 4654 1309 4716 1879,
1349 4670 1400 4715 p.
1436 4653 1527 4703 127
1552 4691 1565 4716 ,
1623 4655 1815 4716 Compt.
1860 4657 2002 4704 rend.
2043 4656 2131 4705 des
2168 4658 2376 4706 seances
2412 4657 2475 4705 de
2510 4656 2695 4705 l'Acad.
2740 4657 2828 4705 des
2865 4658 3014 4706 inser.
3066 4654 3196 4706 1879
3238 4658 3318 4718 (ilt
3352 4683 3422 4691 —
3458 4657 3648 4719 seph),
3699 4657 4010 4705 Oorrections
4046 4662 4097 4704 et

838 4756 1124 4804 remarques
1148 4757 1234 4790 sur
1258 4744 1306 4789 le
1333 4746 1471 4789 texte
1497 4741 1557 4788 de
1585 4742 1752 4789 divers
1776 4749 1982 4790 auteurs
2008 4744 2215 4806 Burdig.
2252 4742 2400 4804 1880,
2444 4758 2493 4806 p.
2528 4743 2555 4790 7
2577 4758 2710 4807 sqq.,
2756 4733 2948 4793 sstudes
2974 4758 3060 4792 sur
3082 4745 3130 4791 le
3157 4743 3404 4803 Querolus
3440 4743 3594 4792 Burd.
3630 4741 3777 4804 1881,
3822 4757 3874 4805 p.
3904 4741 3935 4792 9
3957 4757 4090 4805 sqq.,

834 4831 895 4877 G.
940 4829 1093 4876 Goetz
1132 4827 1260 4874 Phil.
1304 4827 1553 4874 xxxlm
1591 4826 1708 4886 295,
1768 4828 1834 4877 M.
1876 4828 2052 4891 Haupt
2086 4830 2271 4892 Opusc.
2312 4830 2390 4877 111
2429 4829 2529 4878 459
2550 4845 2648 4892 sq„
2691 4829 2809 4890 503,
2852 4828 2970 4891 581,
3014 4828 3132 4891 620,
3194 4830 3254 4878 Ε.
3296 4829 3490 4877 Mehler
3527 4830 3713 4878 Mnem.
3757 4829 3825 4875 v1
3864 4827 3957 4877 411
3992 4843 4092 4891 sq.,

836 4916 903 4963 Μ.
945 4916 1168 4962 Mertens
1206 4913 1410 4971 Quaest.
1453 4915 1646 4962 Auson.
1687 4915 1826 4976 Lips.
1874 4915 2021 4977 1880,
2063 4931 2112 4977 p.
2145 4915 2210 4964 34
2233 4931 2368 4978 sqq.,
2409 4916 2472 4966 H.
2500 4918 2542 4966 1.
2587 4917 2797 4964 Mueller
2836 4917 3000 4975 symb.
3046 4917 3108 4964 ad
3144 4916 3346 4965 emend.
3389 4916 3561 4977 script.
3603 4916 3689 4963 lat.
3732 4915 3891 4965 Berol.
3939 4914 4091 4976 1876,

833 5015 884 5062 p.
926 4998 1020 5061 24,
1083 5000 1148 5048 Η.
1191 4999 1351 5059 Speck
1399 4999 1603 5057 Quaest.
1658 5001 1850 5047 Auson.
1904 5000 2232 5050 Vratislaviae
2274 5001 2426 5065 1874,
2479 5018 2527 5063 p.
2570 5002 2664 5062 49,
2727 5003 2786 5051 R.
2829 5002 3000 5060 Vnger
3046 5002 3178 5050 Phil.
3221 5001 3451 5049 XXXIII
3492 5001 3622 5063 616,
3681 5002 3931 5050 XXXIIII
3973 5000 4089 5062 136,

833 5087 971 5135 Anu.
1012 5085 1138 5146 phil.
1184 5084 1342 5147 1876,
1385 5084 1513 5144 648,
1574 5084 1640 5132 Η.
1684 5088 1815 5133 Weil
1854 5087 1976 5135 Rev.
2018 5089 2142 5149 phil.
2186 5091 2207 5136 1
2250 5086 2365 5138 197.
2444 5090 2635 5150 quibus
2682 5088 2809 5136 adde
2858 5103 2916 5135 ea
2963 5102 3090 5150 quae
3127 5089 3239 5150 ipse
3275 5087 3532 5149 disputavi
3569 5088 3739 5137 Melet.
3784 5087 4000 5135 vindob.
4042 5088 4094 5135 11

832 5187 883 5234 p.
928 5171 1045 5232 275,
1087 5171 1302 5234 Ephem.
1346 5186 1514 5232 gymn.
1555 5175 1727 5221 Austr.
1773 5171 1905 5223 1880
1942 5189 1993 5236 p.
2037 5174 2156 5236 735,
2198 5174 2315 5234 895,
2365 5173 2487 5224 1881
2532 5191 2582 5238 p.
2631 5175 2708 5237 16,
2756 5173 2870 5235 102,
2917 5173 3032 5236 176,
3076 5173 3194 5234 260,
3238 5174 3358 5235 330,
3401 5172 3517 5222 737.

1006 5258 1327 5307 coniecturas
1363 5261 1685 5320 Heinsianas,
1727 5274 1856 5322 quae
1892 5262 1949 5309 in
1985 5261 2298 5309 Adversariis
2336 5257 2364 5308 a
2401 5262 2453 5312 P.
2498 5261 2785 5310 Burmanno
2821 5261 2974 5309 editis
3011 5275 3110 5308 non
3148 5255 3424 5322 leguntur,
3465 5274 3544 5307 me
3580 5274 3642 5307 ex
3681 5240 3956 5320 exemplari
3992 5260 4096 5308 edi-

836 5347 992 5394 tionis
1030 5345 1406 5407 Lugdunensis,
1446 5346 1508 5393 de
1545 5361 1642 5408 quo
1678 5361 1729 5409 p.
1768 5346 1920 5394 XXV
1958 5348 2084 5408 dixi,
2126 5348 2355 5396 hausisse
2393 5349 2531 5398 scito.
2608 5349 2764 5396 huius
2801 5350 2939 5396 enim
2975 5349 3092 5396 libri
3126 5350 3180 5396 in
3219 5349 3440 5407 margine
3477 5347 3723 5394 Heinsius
3759 5353 3956 5409 praeter
3991 5348 4096 5396 lec-

836 5433 998 5480 tiones
1035 5446 1098 5478 ex
1137 5432 1380 5480 Vossiano
1421 5431 1535 5494 111,
1580 5434 1918 5483 Laurentiano
1954 5431 2040 5496 33,
2085 5432 2147 5482 19
2183 5434 2399 5496 aliisque
2436 5434 2693 5483 codicibus
2729 5439 2993 5495 excerptas
3029 5447 3105 5495 ea,
3146 5447 3274 5495 quas
3310 5434 3371 5481 ad
3410 5435 3693 5481 Ausonium
3730 5433 4097 5481 emendandum

834 5519 943 5579 ipse
990 5519 1293 5579 contulerat,
1345 5519 1630 5581 adscripsit.
1705 5534 1917 5582 quorum
1964 5521 2062 5568 alia
2110 5525 2232 5569 sunt
2280 5521 2473 5568 futtilia
2521 5535 2575 5568 ac
2611 5520 2884 5579 reicienda,
2939 5521 3037 5567 alia
3071 5521 3335 5568 luculenta
3371 5525 3423 5567 et
3460 5532 3576 5566 vere
3613 5520 3888 5580 splendida.
3969 5534 4094 5581 quas

832 5605 1022 5665 passim
1059 5607 1435 5653 commemoravi
1471 5607 1582 5653 Iani
1607 5607 1806 5655 Dousae
1841 5609 2173 5668 coniecturas,
2214 5621 2295 5654 eas
2334 5608 2460 5668 petii
2498 5620 2561 5654 ex
2599 5606 2754 5653 altero
2791 5606 3015 5653 eiusdem
3053 5605 3295 5652 editionis
3332 5604 3625 5667 exemplari,
3669 5605 3798 5666 quod
3836 5606 3954 5653 olim
3993 5607 4095 5654 fuit

828 5690 883 5738 P.
931 5690 1241 5749 Burmanni,
1289 5704 1424 5738 nunc
1461 5693 1718 5753 emptione
1754 5693 1808 5740 in
1846 5707 1989 5741 meas
2021 5707 2198 5739 manus
2235 5692 2487 5753 pervenit.
2564 5698 2705 5739 notas
2741 5693 2799 5740 in
2836 5690 2988 5740 huius
3025 5691 3278 5753 margine,
3318 5691 3504 5753 quibus
3542 5692 3821 5750 scripturae
3858 5706 3922 5738 ex
3962 5693 4092 5741 Vos-
