4630 6435
866 395 984 456 XL
2258 401 2716 456 PROOEMIVM.

863 617 1132 682 Ausonii
1178 617 1262 682 ad
1310 619 1762 702 Symmachum
1810 623 1995 706 epist.
2061 625 2313 704 (XVII),
2385 625 2756 707 Symmachi
2801 625 2887 689 ad
2932 626 3285 690 Ausonium
3333 626 3519 709 epist.
3572 625 3604 688 I
3651 629 3762 702 25,
3838 627 3944 687 25Υ
3988 624 4123 708 epi-

863 739 1034 802 stula
1078 739 1430 803 Theodosii
1475 741 1754 823 Augusti
1810 744 1909 826 (Ι),
1977 744 2303 827 responsio
2350 743 2618 807 Ausonii
2663 745 2749 808 ad
2795 743 3229 809 Theodosium
3288 745 3419 826 (Π),
3493 743 3779 828 Griphus
3836 745 4113 826 (XXVI),

861 860 969 920 26Γ
1028 879 1085 923 e.
1140 861 1255 936 35,
1331 860 1505 942 quod
1570 859 1635 924 in
1704 862 2237 945 epigrammatum
2307 862 2561 928 delectu
2622 864 2687 928 in
2748 865 3058 930 Vossiano
3116 865 3322 949 primo
3387 866 3525 929 loco
3588 864 3968 929 collocatum
4028 869 4123 928 est

869 978 1222 1059 (‘eiusdem
1267 1004 1663 1065 προσοποισια
1708 981 1774 1046 in
1822 984 2205 1066 chartam'),
2259 983 2693 1069 Protrepticus
2750 986 2985 1067 (XIII),
3039 985 3502 1051 Genethliacon
3560 985 3836 1067 (XIIII),
3894 984 4121 1066 egloga

860 1097 941 1161 de
1002 1099 1421 1188 ambiguitate
1467 1102 1637 1166 vitae
1686 1102 2028 1185 eligendae
2085 1105 2483 1186 (XXVIIII),
2554 1108 2658 1168 ’28Γ
2704 1106 2943 1170 Versus
3004 1107 3299 1190 pascales
3361 1105 3545 1170 Decii
3590 1104 3812 1187 Magni
3856 1103 4121 1168 Ausonii

867 1217 1122 1300 (VIIII),
1180 1222 1287 1282 29Υ
1329 1220 1514 1285 Decii
1546 1223 1762 1304 Magni
1794 1223 2062 1287 Ausonii
2111 1226 2494 1308 cathalogus
2540 1225 2789 1290 urbium
2837 1225 3147 1291 nobilium
3204 1226 3525 1307 (XVIIII).
3621 1226 3793 1289 hunc
3841 1224 4117 1288 codicem

857 1338 1132 1403 eundem
1191 1360 1336 1405 esse
1380 1362 1458 1406 ac
1503 1341 1733 1406 librum
1778 1343 2062 1409 'Pristani
2110 1344 2369 1422 Chalci,
2437 1365 2478 1408 a
2522 1367 2645 1428 quo
2692 1365 2761 1410 se
2808 1346 3058 1410 Ludum
3107 1353 3172 1410 et
3216 1347 3597 1428 Catalogum
3645 1346 3895 1411 urbium
3942 1343 4120 1408 nobi-

856 1458 1010 1522 lium
1070 1461 1397 1545 accepisse
1458 1462 1613 1527 dicit
1659 1463 2001 1545 Vgoletus,
2071 1471 2136 1528 et
2195 1465 2549 1549 scripturae
2603 1466 2790 1531 docet
2834 1486 3188 1532 consensus
3234 1475 3297 1532 et
3340 1466 3479 1551 ipse
3527 1466 3807 1531 Chalcus
3855 1471 4120 1529 testatur

859 1580 1046 1660 (Hist.
1101 1588 1264 1666 patr.
1319 1583 1362 1645 l.
1415 1583 1480 1646 Π
1525 1583 1611 1647 ad
1655 1605 1716 1648 a.
1773 1587 1896 1647 379
1943 1605 2048 1668 ap.
2103 1585 2339 1650 GraeV.
2392 1586 2590 1650 Thes.
2644 1594 2775 1652 ant.
2829 1589 2907 1652 It.
2959 1589 3023 1652 II
3076 1591 3260 1670 139),
3314 1587 3424 1670 qui
3471 1608 3541 1653 se
3587 1607 3669 1651 ex
3713 1593 3965 1652 vetusto
4011 1605 4117 1649 co-

853 1700 1024 1778 dice,
1095 1722 1173 1766 ex
1219 1703 1550 1767 Ticinensi
1610 1704 2054 1768 vicecomitum
2113 1706 2525 1788 bybliotheca
2583 1708 2863 1790 prolate,
2934 1683 3155 1772 decem
3217 1716 3283 1774 et
3326 1716 3464 1772 octo
3509 1708 3809 1773 absoluta
3853 1706 4112 1770 Vrbium

853 1821 1320 1904 epigrammata
1379 1822 1664 1888 edidisse
1711 1825 2039 1905 gloriatur.
2136 1825 2306 1889 unde
2355 1825 2542 1889 simul
2591 1828 3015 1911 comperimus
3062 1826 3231 1892 hunc
3278 1828 3510 1892 librum
3557 1828 3708 1891 olim
3755 1827 3822 1890 in
3865 1825 4117 1909 byblio-

851 1941 1068 2020 theca,
1138 1963 1304 2024 quae
1364 1951 1504 2008 erat
1559 1943 1626 2007 in
1674 1946 1942 2009 castello
1987 1944 2452 2027 Ticinensissss),
2525 1955 2848 2011 servatum
2897 1967 3064 2012 esse.
3160 1968 3239 2012 ex
3286 1948 3510 2012 eodem
3559 1947 3811 2026 codice,
3880 1946 3949 2009 in
3993 1965 4115 2028 quo

849 2062 985 2124 solo
1032 2062 1353 2143 leguntur,
1406 2064 1751 2129 Periochas
1797 2085 1835 2128 a
1867 2066 2169 2130 Bernerio
2217 2066 2577 2151 descriptas
2608 2067 2862 2151 accepit
2894 2068 3226 2149 Vgoletus.
3309 2075 3500 2151 atque
3531 2067 3907 2152 apographo
3939 2064 4113 2129 illius

848 2201 1002 2246 usus
1049 2189 1148 2247 est
1176 2184 1490 2248 Avantius
1536 2184 1605 2248 in
1650 2185 1763 2265 eiS,
1817 2207 1985 2268 quae
2032 2186 2297 2251 editioni
2336 2187 2523 2252 alteri
2551 2207 2611 2251 a.
2659 2193 2816 2251 1507
2851 2209 2892 2252 a
2926 2208 2995 2252 se
3027 2188 3380 2253 adornatae
3411 2187 3667 2269 adiecit,
3721 2185 4112 2252 carminibus

845 2309 910 2366 et
954 2303 1248 2386 epistulis
1265 2306 1368 2386 ³⁷).
1465 2311 1744 2370 ceterum
1791 2306 2147 2370 Parisinum
2195 2314 2260 2372 et
2304 2307 2688 2371 Vossianum
2733 2327 2813 2371 ex
2862 2309 3177 2372 communi
3224 2309 3398 2374 fonte
3442 2308 3710 2374 fluxisse
3757 2307 4111 2390 scripturae

843 2421 909 2485 in
957 2431 1222 2505 utroque
1272 2444 1622 2488 consensus
1667 2425 1968 2490 ostendit.
2063 2426 2327 2491 inferior
2371 2433 2586 2491 tamen
2634 2427 2948 2493 Vossiano
2995 2436 3094 2493 est
3140 2428 3506 2514 Parisinus,
3558 2448 3946 2509 quamquam
3993 2445 4112 2489 sua

845 2543 1105 2626 propria
1166 2563 1242 2606 ac
1303 2543 1634 2626 pecularia
1693 2546 1863 2609 bona
1908 2545 2122 2610 habet.
2218 2566 2365 2609 nam
2413 2553 2479 2611 et
2521 2547 2953 2630 compluribus
2999 2548 3157 2612 locis
3201 2567 3544 2630 germanas
3590 2548 3859 2631 praebet
3903 2545 4109 2629 scrip-

841 2668 1020 2726 turas
1066 2669 1131 2726 et
1175 2664 1442 2728 lacunas
1489 2664 1754 2746 aliquot,
1808 2685 1974 2746 quae
2022 2673 2168 2729 sunt
2200 2665 2266 2729 in
2297 2666 2634 2747 vossiano,
2689 2669 2909 2751 explet
2938 2668 3254 2749 versibus,
3308 2668 3416 2749 qui
3450 2667 3517 2731 in
3549 2667 3667 2731 hoc
3700 2666 4103 2731 librariorum

841 2782 1132 2848 socordia
1189 2783 1680 2862 interciderunt,
1752 2786 2044 2850 servatis.
2141 2786 2516 2852 Ausoniana
2575 2788 2639 2851 in
2687 2787 2805 2852 hoc
2851 2788 3069 2853 codice
3116 2788 3520 2852 contulerunt
3562 2788 3616 2851 I.
3668 2786 4108 2851 Zechmeister

840 2908 905 2966 et
948 2904 1025 2966 A.
1080 2904 1393 2969 Schoene.

470 2996 603 3034 ‹aule-x
635 2996 817 3036 Eustor-

659 3049 817 3098 granu..
1018 3025 1115 3087 Ex
1161 3023 1384 3088 eodem
1432 3023 1673 3105 codice,
1726 3045 1852 3106 quo
1899 3025 2247 3106 Parisinus,
2300 3026 2587 3091 manavit
2631 3027 3217 3110 EustorgianuS‚
3272 3027 3456 3092 cuius
3503 3047 3699 3111 supra
3753 3029 3838 3110 (p.
3886 3028 4096 3106 XXX)

837 3143 1222 3209 mentionem
1282 3143 1572 3208 fecimus.
1666 3144 1736 3208 id
1781 3143 1952 3226 quod
1997 3144 2191 3209 facile
2236 3144 2578 3228 intelleges
2625 3145 2727 3209 his
2773 3147 3142 3232 scripturiS,
3209 3168 3375 3231 quae
3436 3147 3687 3228 utrique
3733 3168 4106 3211 communes

1007 3458 1086 3519 36)
1133 3461 1193 3507 cf.
1239 3458 1434 3505 Delisle
1474 3459 1544 3505 Le
1583 3458 1795 3506 Cabinet
1832 3457 1920 3504 des
1957 3458 2296 3518 manuscripts
2336 3457 2397 3504 de
2435 3457 2481 3504 la
2516 3460 2640 3506 bibl.
2684 3460 2803 3519 imp.
2848 3460 2869 3505 1
2912 3458 3007 3507 125
3032 3474 3162 3521 sqq.,
3208 3462 3282 3507 III
3320 3460 3437 3509 347.
3516 3460 3649 3507 hunc
3685 3461 3905 3508 codicem
3943 3462 4106 3519 signi·

831 3547 976 3591 ficare
1019 3545 1220 3592 videtur
1246 3544 1534 3592 Matthaeus
1559 3544 1763 3590 Bossius
1802 3544 1855 3589 in
1893 3544 2112 3603 epistula
2135 3544 2198 3590 ad
2224 3545 2472 3603 Angelum
2501 3545 2803 3591 Politianum
2832 3546 3058 3592 Veronae
3085 3552 3227 3593 sexto
3256 3547 3351 3593 kal.
3382 3547 3585 3593 Martias
3609 3562 3653 3594 a.
3684 3560 4102 3594 mocccnxxxxm

830 3633 1012 3692 scripta
1057 3632 1140 3689 (cs.
1172 3630 1459 3677 Familiares
1497 3634 1549 3676 et
1583 3628 1832 3677 secundae
1871 3628 1937 3675 M.
1969 3630 2110 3676 Bossi
2149 3630 2416 3691 epistulae,
2461 3630 2696 3678 Mantuae
2723 3643 3171 3679 uecccnxxxxvm
3210 3634 3246 3679 s.
3276 3631 3413 3692 43v)‚
3457 3633 3511 3678 in
3551 3646 3650 3692 qua
3686 3648 3740 3680 se
3778 3639 3918 3680 trans
3944 3633 4102 3694 Alpes

832 3718 1132 3764 Florentiam
1159 3718 1354 3775 Angelo
1391 3716 1589 3763 misisse
1625 3715 1749 3761 dicit
1773 3715 2054 3761 Ausonium
2094 3716 2183 3762 diu
2221 3718 2522 3778 expetitum.
2588 3730 2700 3763 nam
2740 3730 2868 3777 quae
2906 3717 2958 3762 in
2999 3717 3087 3763 hac
3126 3717 3342 3776 epistula
3378 3718 3644 3775 leguntur:
3692 3719 3945 3765 ‘eundem
3985 3732 4100 3765 vero

827 3818 892 3851 ex
940 3804 1197 3850 notatione
1245 3802 1411 3849 indice
1459 3802 1518 3848 ad
1566 3802 1680 3848 libri
1728 3806 1879 3861 caput
1916 3802 2142 3862 apposita
2180 3815 2411 3848 mancum
2448 3807 2499 3848 et
2536 3807 2772 3848 truncum
2810 3802 3060 3863 plerisque
3099 3804 3218 3849 locis
3257 3803 3478 3850 offendes
3514 3803 3630 3864 plus
3668 3818 3817 3864 quam
3856 3810 4091 3853 caeteros,

828 3896 880 3935 et
916 3902 1030 3936 cum
1072 3889 1150 3934 his
1188 3902 1315 3948 quae
1354 3889 1564 3934 Ausonii
1603 3894 1726 3935 sunt
1762 3889 1903 3947 leges
1938 3903 2138 3950 quoque
2177 3889 2422 3936 nonnulla
2459 3890 2721 3936 interiecta
2757 3894 2908 3949 atque
2946 3891 3176 3937 immixta
3211 3890 3499 3951 Prudentii,
3556 3898 3613 3937 ut
3648 3893 3987 3939 consociatum
4024 3893 4094 3938 sis

825 3975 1087 4021 habiturus
1125 3979 1394 4035 utrumque
1431 3974 1640 4021 disiecta
1677 3988 1770 4035 per
1805 3977 2023 4023 membra
2060 3976 2343 4023 Ausonium
2380 3980 2532 4035 atque
2571 3974 2925 4022 Prudentium’
2965 3975 3153 4022 cadunt
3188 3976 3240 4021 in
3278 3976 3578 4038 Parisinum,
3623 3978 3676 4023 in
3713 3991 3813 4038 quo
3853 3979 3888 4024 f.
3933 3976 4097 4025 :lov--

827 4059 918 4107 29¹·
953 4062 1169 4107 Ausonii
1221 4066 1272 4107 et
1309 4060 1572 4107 Prudentii
1620 4063 1838 4107 carmina
1884 4062 2022 4108 inter
2071 4075 2124 4107 se
2161 4062 2321 4107 mixta
2358 4060 2705 4108 exhibeantur.
2784 4061 2873 4107 sed
2912 4075 3006 4108 non
3048 4062 3355 4108 conveniunt
3391 4076 3475 4122 ea,
3531 4076 3659 4122 quae
3699 4064 3903 4110 Bossius
3940 4066 4090 4125 paulo

825 4152 943 4195 ante
995 4153 1163 4194 narrat
1207 4147 1268 4193 de
1316 4148 1481 4194 codice
1529 4147 1645 4207 illo,
1701 4153 2019 4195 veternosum
2057 4160 2171 4193 eum
2211 4146 2413 4205 dicens,
2470 4152 2527 4192 ut
2562 4148 2647 4193 vix
2685 4147 2781 4205 legi
2818 4149 3003 4207 possit,
3059 4152 3334 4194 atramento
3370 4149 3633 4195 subcroceo
3672 4150 4093 4210 Longobardoque

824 4234 1101 4281 charactere
1139 4234 1506 4294 conscriptum,
1547 4234 1677 4280 carie
1715 4234 1954 4293 tineaque
1991 4234 2218 4280 obesum.
2293 4233 2429 4280 unde
2465 4233 2710 4293 suspicari
2745 4234 2895 4280 liceat
2932 4234 3158 4281 Bossium
3194 4233 3411 4291 librum,
3455 4247 3519 4280 ex
3556 4247 3655 4293 quo
3692 4235 3980 4297 descriptus
4015 4240 4095 4282 est

824 4319 1103 4379 Parisinus,
1143 4319 1422 4379 possedisse
1459 4321 1705 4378 scriptura
1741 4320 2079 4378 merovingiea
2116 4323 2376 4364 exaratum
2418 4318 2499 4377 (cf.
2544 4318 2738 4377 Peiper.
2781 4317 2921 4379 223).

411 4389 674 4428 ¹¹³¹¹⁰³²¹¹¹¹¹⁸
701 4392 803 4431 2613
1005 4405 1086 4463 37)
1132 4420 1195 4452 ex
1236 4406 1458 4451 Parisino
1495 4405 1648 4450 fluxit
1684 4405 1982 4451 Harleianus
2008 4403 2161 4464 2613,
2203 4404 2379 4463 chart.‚
2424 4405 2605 4451 formae
2641 4405 2930 4465 quadratae,
2974 4405 3079 4453 foll.
3111 4403 3197 4463 44,
3236 4418 3363 4452 saec.
3396 4405 3493 4451 XV
3530 4407 3591 4452 ab
3628 4406 3833 4453 homine
3873 4420 3971 4454 non
4009 4408 4088 4454 in-

739 4444 800 4491 (h)
825 4494 967 4541 docto
1004 4494 1250 4554 scriptus,
1295 4493 1382 4552 qui
1421 4492 1472 4537 in
1510 4491 1775 4538 scribendo
1812 4491 1944 4537 haud
1982 4505 2138 4551 pauca
2176 4490 2358 4537 menda
2395 4491 2729 4551 exemplaris,
2770 4504 2867 4550 quo
2902 4491 3167 4549 utebatur,
3211 4492 3454 4551 correxit,
3498 4493 3548 4538 in
3589 4506 3647 4539 ea
3683 4506 3737 4539 re
3773 4500 3862 4540 aut
3901 4496 3944 4540 V
3983 4496 4090 4555 ipso

817 4584 908 4626 aut
958 4579 1109 4625 simili
1159 4578 1286 4625 libro
1335 4591 1475 4625 usus.
1554 4584 1780 4623 accurate
1829 4577 1963 4623 hunc
2011 4578 2195 4624 librum
2245 4577 2515 4636 descripsit
2550 4576 2791 4636 Peiperus
2828 4574 2947 4623 224.
3023 4590 3112 4635 ego
3148 4590 3247 4624 non
3286 4578 3447 4623 solum
3485 4578 3871 4638 descriptionem
3912 4579 4083 4637 babeo,

818 4679 965 4725 qnam
1016 4664 1235 4711 confecit
1270 4663 1522 4710 Heni-icus
1570 4664 1735 4721 filius,
1791 4662 1876 4708 sed
1923 4664 2070 4709 etiam
2111 4662 2309 4708 Ludum
2363 4676 2391 4707 a
2427 4661 2738 4721 Thompsono
2784 4661 3037 4708 collatum.
3114 4663 3328 4709 Avantio
3374 4664 3512 4710 hunc
3549 4664 3770 4711 codicem
3807 4666 3866 4712 ad
3908 4680 4085 4712 manus

818 4765 915 4797 non
955 4751 1113 4797 fuisse
1150 4764 1250 4798 non
1289 4754 1389 4796 tam
1427 4762 1492 4795 ex
1530 4762 1587 4795 eo
1624 4748 1907 4807 colligitur,
1959 4747 2089 4808 quod
2125 4749 2181 4794 in
2219 4731 2485 4794 Harleiano
2522 4746 2718 4792 Paulini
2756 4745 3001 4806 epistulae
3038 4748 3060 4791 1
3099 4762 3177 4794 vv.
3226 4746 3495 4795 167-284
3535 4762 3633 4796 non
3675 4751 3951 4811 leguntur,
3996 4766 4086 4799 ex-

817 4842 927 4883 tant
971 4839 1025 4883 in
1072 4837 1282 4883 Avantii
1337 4836 1561 4882 editione
1622 4835 1754 4895 (nam
1802 4835 2169 4881 interciderunt
2217 4834 2269 4880 hi
2314 4846 2489 4880 versus
2539 4832 2710 4878 eodem
2761 4832 2901 4879 modo
2947 4846 3043 4892 quo
3092 4833 3149 4879 E.
3192 4833 3341 4879 XXV
3382 4832 3478 4880 123
3505 4849 3613 4895 sqq.
3669 4840 3721 4882 et
3771 4836 3832 4884 E.
3879 4836 4087 4884 XXIIII

818 4924 949 4970 soliis
986 4922 1318 4983 deperditis),
1371 4936 1517 4982 quam
1572 4921 1699 4981 quod
1739 4921 1986 4967 Avantius
2023 4932 2111 4979 pro
2147 4920 2298 4966 certis
2337 4933 2463 4978 quae
2501 4924 2619 4964 sunt
2657 4919 2709 4963 in
2748 4918 3012 4964 Harleiano
3050 4919 3485 4967 emendationibus
3522 4935 3699 4981 pravas
3738 4922 3956 4970 Parisini
3994 4937 4084 4969 ex-

403 4996 664 5037 ¹¹²²¹¹⁰⁵²²¹¹¹¹⁸
692 4995 794 5093 ²3:223
823 5009 963 5055 hibet
997 5010 1286 5069 scripturas.
1360 5009 1485 5054 item
1523 5021 1587 5054 ex
1626 5006 1849 5053 Parisino
1887 5006 2108 5052 manavit
2144 5005 2444 5051 Harleianus
2483 5001 2649 5061 2599,
2689 5003 2841 5050 chart.
2865 5040 2877 5064 ,
2920 5005 3104 5050 formae
3142 5005 3439 5065 quadratae,
3480 5006 3584 5052 soll.
3632 5004 3760 5068 1363
3819 5009 3870 5053 in
3910 5009 3946 5055 s.
3990 5009 4084 5055 ΜΨ

819 5099 938 5144 haec
974 5095 1234 5152 leguntur:
1285 5092 1411 5141 ‘kah
1443 5093 1613 5151 Marcij
1647 5090 1770 5139 1471
1816 5104 2026 5139 veronae
2063 5090 2191 5137 Mihi
2219 5091 2506 5150 Stephanus
2543 5090 2605 5135 de
2645 5095 2936 5136 novomonte
2976 5090 3195 5150 scripsi',
3234 5092 3286 5136 in
3323 5091 3441 5137 solio
3480 5094 3702 5152 praefixo
3741 5092 3931 5140 ‘Liber
3957 5094 4083 5139 Hie-

814 5185 1006 5241 ronymi
1057 5175 1360 5228 Acaldraris'
1415 5180 1470 5238 (f.
1518 5178 1642 5226 136²*
1686 5178 1865 5225 ‘Liber
1900 5177 2162 5224 hieronimi
2201 5169 2559 5234 Acaldranji').
2633 5175 2952 5221 continentur
3000 5188 3056 5220 eo
3100 5181 3212 5235 post
3262 5175 3516 5222 Ciceronis
3563 5178 3624 5223 de
3677 5178 3857 5225 officiis
3907 5179 4080 5233 libros,

815 5272 1051 5329 excerpta
1088 5280 1153 5313 ex
1179 5266 1457 5325 Lactantio,
1498 5264 1683 5310 Probae
1711 5263 1960 5310 Faltoniae
1987 5269 2224 5310 centones
2250 5263 2287 5308 f.
2319 5261 2435 5322 98v,
2473 5261 2683 5307 Iuvenci
2710 5262 3035 5321 prooemium,
3076 5262 3404 5323 inscriptum:
3451 5264 3464 5285 ⁶
3485 5262 3677 5310 Versus
3703 5263 3887 5311 decimi
3916 5266 4081 5324 magni

811 5351 1052 5401 Ausonii'
1097 5352 1244 5413 (quod
1283 5353 1338 5398 in
1366 5351 1563 5398 Veneta
1587 5365 1631 5397 a.
1668 5349 1794 5398 1507
1837 5351 2022 5408 legitur
2057 5349 2139 5395 his
2174 5348 2388 5394 adiectis
2426 5346 2670 5393 ‘Ausonii
2709 5359 2906 5392 carmen
2944 5347 3294 5405 imperfectum
3309 5346 3365 5406 ³),
3406 5347 3628 5408 denique
3666 5356 3778 5407 post
3812 5349 4079 5398 Prudentii

810 5441 1028 5486 carmina
1064 5436 1308 5498 quaedam
1346 5430 1535 5483 Versus
1571 5436 1794 5496 pascales
1826 5436 2016 5495 (VIIII)
2058 5439 2109 5480 et
2147 5433 2438 5492 Protreptici
2474 5429 2692 5491 (xl112)
2728 5446 2805 5479 vv.
2845 5429 3025 5477 1—13.
3104 5431 3391 5478 Ausoniana
3428 5434 3753 5481 contulerunt
3790 5435 4079 5496 Thonipson

808 5533 859 5573 et
897 5526 1145 5572 Henricus
1185 5523 1335 5570 tilius.
1413 5523 1548 5568 hunc
1600 5523 1780 5568 librum
1831 5536 1894 5567 ex
1942 5521 2168 5567 Parisino
2216 5520 2523 5579 descriptum
2573 5531 2683 5563 esse
2732 5519 3007 5577 scripturae
3056 5517 3108 5563 in
3157 5521 3367 5577 utroque
3416 5532 3663 5565 consensu
3711 5522 4073 5580 comprobatur.

809 5613 1082 5659 Avantinm
1133 5624 1196 5656 ex
1241 5610 1333 5655 hoc
1369 5609 1537 5654 codice
1574 5609 1776 5654 iuvenci
1816 5609 2122 5667 prooemium
2162 5614 2414 5666 tamquam
2455 5605 2516 5649 ab
2554 5603 2775 5649 Ausonio
2812 5604 3087 5661 profectum
3127 5604 3332 5648 editioni
3373 5618 3400 5649 a
3438 5618 3491 5649 se
3529 5620 3574 5651 a.
3616 5618 3771 5650 ann
3810 5608 4079 5654 adornatae

809 5699 1086 5744 inseruisse
1123 5695 1382 5742 intellexit
1421 5695 1660 5754 Peiperus
1706 5694 1863 5753 (279).
