4630 6435
792 432 873 494 68
2276 434 2526 490 AVSON
2533 436 2585 490 11

1467 632 1533 690 et
1576 632 1687 691 tua
1732 645 1902 690 nunc
1948 625 2207 690 suboles
2254 644 2493 691 morem
2539 632 2782 691 sectata
2829 626 3116 710 parentis

1639 728 2007 793 Narbonem
2052 747 2130 793 ac
2175 730 2446 793 Romam
2490 728 2789 794 nobilitat
2834 729 3087 794 studiis.

1470 878 3069 897 .......................
3122 841 3221 897 set

1637 934 1852 1015 fama,
1904 934 2064 999 velit
2108 934 2301 1016 nolit,
2357 934 2772 1019 Burdigalam
2819 936 3073 1000 referet.

1523 1224 1636 1290 21.
1699 1227 2234 1293 STAPHYLIVS
2280 1227 2625 1293 RHETOR
2672 1225 2894 1291 CIVIS
2941 1227 3324 1295 AVSOIVS.

1467 1399 1796 1465 Hactenus
1842 1400 2182 1466 observata
2226 1399 2384 1465 mihi
2430 1400 2535 1465 lex
2582 1399 3120 1465 commemorandi
3780 1412 3880 1463 210
3923 1416 4051 1476 (xx,

1637 1500 1847 1585 civeS‚
1901 1503 2038 1568 sive
2084 1503 2256 1568 domi
2303 1524 2421 1568 seu
2466 1502 2738 1567 docuere
2784 1502 2961 1567 foris.

1468 1612 1807 1671 externum
1854 1613 1954 1672 set
2000 1606 2100 1671 fas
2145 1605 2535 1689 coniungere
2580 1604 2830 1671 civibus
2876 1626 3070 1669 unum

1634 1715 1734 1791 te,
1788 1710 2125 1794 Staphyli,
2178 1709 2467 1792 genitum
2515 1709 2712 1793 stirpe
2758 1708 3007 1774 Novem
3053 1708 3334 1793 populis.

1327 1834 1352 1872 5
1462 1818 1528 1875 tu
1576 1809 1767 1892 mihi,
1822 1812 1995 1894 quod
2037 1813 2323 1896 genitor,
2377 1811 2547 1894 quod
2592 1813 2983 1892 avunculus,
3040 1832 3204 1876 unus
3249 1819 3615 1895 utrumque.

1635 1916 1803 1981 alter
1846 1923 1916 1980 ut
1958 1915 2283 1981 Ausonius
2306 1968 2321 1997 ,
2374 1915 2540 1979 alter
2583 1922 2653 1980 ut
2694 1914 3038 1980 Arborius:

1458 2019 1877 2101 grammatice
1923 2017 2007 2083 ad
2054 2019 2367 2084 Scaurum
2412 2025 2605 2099 atque
2649 2018 2924 2083 Probum
2947 2069 2961 2098 ‚
3014 2018 3487 2102 promptissime
3533 2018 3775 2098 rhetor‚

1638 2121 1974 2187 historiam
2021 2122 2268 2187 callens
2315 2121 2485 2186 Livii
2531 2128 2594 2186 et
2639 2119 2967 2185 Herodoti.

1462 2223 1669 2291 omnis
1716 2223 2045 2290 doctrinae
2090 2225 2251 2290 ratio
2295 2225 2411 2289 tibi
2458 2224 2751 2307 cognita,
2802 2231 3105 2308 quantam

1293 2348 1349 2387 ιο
1635 2328 1852 2393 condit
1897 2328 2208 2392 sescentis
2239 2328 2440 2391 Varro
2486 2326 2939 2392 voluminibus.

1461 2450 1664 2495 aurea
1708 2449 1924 2511 mens,
1980 2450 2105 2495 vox
2149 2431 2355 2495 suada
2396 2431 2548 2496 tibi:
2599 2438 2734 2495 tum
2781 2450 2991 2495 sermo
3036 2429 3292 2513 quietus

1636 2553 1756 2598 nec
1800 2539 2126 2598 cunctator
2171 2540 2309 2598 erat
2354 2553 2474 2598 nec
2518 2539 2899 2617 properante
2945 2551 3124 2597 sono.

1462 2636 1733 2720 pulchra
1781 2643 2074 2718 senecta,
2126 2635 2340 2700 nitens
2386 2635 2675 2711 habitus,
2729 2636 2949 2720 procul
2996 2635 3091 2699 ira
3137 2634 3481 2715 dolusque:

1634 2745 1699 2804 et
1742 2738 2044 2823 placidae
2089 2738 2259 2802 vitae
2308 2757 2588 2821 congrua
2632 2746 2803 2803 meta
2850 2738 2993 2802 fuit.

1126 3027 1239 3092 22.
1304 3028 1656 3094 CRISPVS
1702 3031 1815 3095 ET
1859 3029 2222 3095 VRBICVS
2269 3029 2813 3096 GRAMMATICI
2858 3030 3162 3094 LATINI
3206 3029 3320 3093 ET
3367 3028 3706 3095 GRAECI.

1748 3202 1850 3268 Tu
1897 3224 2149 3285 quoque
2195 3201 2264 3267 in
2308 3224 2573 3286 aevum,
2627 3202 2882 3289 Crispe,
2937 3202 3217 3267 futurum
3742 3212 3835 3262 211
3894 3214 4045 3276 *xxm

1749 3306 1978 3371 maesti
2026 3307 2246 3372 venies
2294 3313 2822 3372 commemoratus

2010 3430 2272 3475 munere
2319 3410 2553 3475 threni.

1746 3598 1859 3682 qui
1903 3598 2269 3683 primaevos
2318 3599 2623 3680 fandique
2671 3597 2863 3663 rudes

1747 3702 2210 3767 elementorum
2255 3701 2467 3786 prima
2513 3701 2789 3766 docebas

2009 3805 2198 3888 signa
2241 3823 2576 3883 novorum,

1746 3993 2027 4058 creditus
2073 3993 2222 4058 olim
2270 3991 2522 4057 fervere
2567 4013 2773 4066 mero,

1747 4102 1818 4161 ut
1861 4095 2136 4179 Vergilii
2177 4095 2527 4178 Flaccique
2570 4093 2727 4160 iocis

2001 4198 2259 4263 aemula
2305 4198 2527 4263 ferres.

1576 4406 1631 4446 ιο
1742 4394 1806 4453 et
1850 4387 1968 4454 tibi
2014 4386 2218 4452 Latiis
2264 4385 2628 4471 posthabite
2676 4386 2866 4461 orsis,

1741 4491 1972 4557 Vrbice
1994 4513 2028 4572 ,·
2061 4489 2253 4554 Grais
2298 4489 2606 4569 celebris,
2662 4510 2918 4554 carmen

1998 4613 2167 4658 nunc
2212 4594 2244 4656 ἒ
2290 4588 2407 4676 λέγ’
2450 4584 2603 4676 cistam.

948 4864 1044 4928 21.
1126 4871 1184 4917 1-1
1226 4870 1369 4918 Ovid.
1415 4870 1526 4917 Am.
1571 4870 1618 4916 11
1662 4868 1740 4930 10,
1784 4869 1849 4917 38
1887 4871 2191 4917 conveniens
2229 4871 2363 4917 vitae
2398 4882 2527 4916 mors
2565 4869 2665 4914 fuit
2700 4869 2794 4915 ista
2831 4875 2944 4914 tuae

950 5126 1006 5175 11
1051 5133 1129 5174 est
1166 5128 1302 5175 Scal.
1345 5129 1488 5186 volyo
1746 5126 1938 5173 soboles
1975 5120 2066 5190 [V]
2323 5139 2508 5174 morem
2547 5131 2718 5173 secuta
2754 5121 2846 5191 [V]
2869 5163 2881 5186 ,
2925 5139 3213 5186 moremque
3249 5129 3423 5173 secuta
3457 5125 3591 5174 Scal.
3635 5128 3813 5185 volyo,
3852 5140 4038 5174 morem

773 5218 958 5260 sectata
1009 5212 1119 5259 Vin.
1341 5213 1399 5260 13
1440 5212 1527 5260 sed
1564 5212 1688 5259 velit
1724 5211 1851 5259 nolit
1884 5215 2046 5259 famae
2081 5210 2400 5270 Burdigalam
2437 5213 2621 5259 referat
2658 5207 2748 5277 [V]
2786 5226 2909 5259 corr.
2952 5210 3079 5258 Scnl.
3760 5209 3765 5214 ’

946 5293 1047 5350 21.
1123 5296 1328 5347 Stafllus
1365 5294 1482 5364 [V]‚
1531 5297 1825 5359 Staphylius
1860 5295 1998 5345 scat.
2214 5297 2243 5344 3
2282 5297 2370 5345 sed
2409 5292 2507 5361 [V]
2715 5296 2746 5344 4
2787 5297 2952 5346 Stassli
2975 5293 3076 5362 [V]
3112 5311 3235 5346 corr.
3266 5297 3401 5345 Scae.
3622 5297 3648 5345 7
3689 5301 4041 5358 grammaticae

765 5382 872 5450 [VJ.
916 5399 1043 5433 corr.
1080 5383 1211 5434 Scal.
1435 5384 1496 5433 10
1535 5385 1786 5433 sexcentis
1824 5379 1916 5449 [V]
2143 5381 2203 5432 12
2242 5397 2351 5431 eras
2386 5380 2505 5449 [V]‚
2550 5388 2657 5431 erat
2691 5383 2976 5444 apoyrapha
3024 5384 3246 5448 Veniam·
3455 5391 3745 5446 properator
3779 5391 3885 5432 erat
3920 5399 4041 5444 apo·

768 5472 955 5532 ympha
1173 5470 1234 5518 13
1272 5468 1537 5537 dolusque]
1575 5472 1658 5520 dol
1700 5470 1846 5519 vind.
1876 5471 2008 5519 3261
2059 5471 2129 5530 (in
2148 5473 2341 5532 pavina
2364 5470 2589 5530 ultima),
2628 5470 2762 5518 unde
2786 5470 3024 5531 dolorque
3051 5469 3243 5532 Peiper,
3285 5469 3532 5531 dolusque
3568 5475 3724 5517 cetera
3756 5471 4041 5531 apem-opha

768 5559 826 5606 14
869 5560 984 5605 finis
1023 5553 1133 5621 [V],
1175 5559 1308 5604 vitae
1351 5558 1592 5605 Graevius
3282 5567 3304 5595 ⁹

938 5638 1036 5693 22·
1110 5641 1140 5691 2
1182 5645 1385 5691 moestis
1411 5640 1516 5709 [V]
1726 5642 1756 5692 8
1795 5643 1990 5704 Virgilii
2018 5639 2110 5709 [V]
2295 5644 2416 5690 locis
2439 5638 2547 5708 [V],
2589 5643 2707 5691 iocis
2732 5643 2970 5690 Heinsius
3184 5642 3238 5691 11
3271 5657 3346 5704 sq.
3388 5644 3635 5691 camoenis
3661 5638 3898 5710 ἐλεγείσω
3926 5638 4036 5707 [1],

769 5744 968 5779 carmen
1009 5731 1080 5777 sic
1120 5725 1333 5779 ἐλελίσω
1372 5730 1696 5791 Scal.2·0190‚
1738 5743 1938 5779 carmen
1977 5744 2111 5777 nunc
2149 5725 2173 5778 ἒ
2210 5726 2313 5797 λέγ’
2351 5717 2459 5796 ᾆσω
2495 5743 2580 5789 epo
2620 5730 2756 5791 (num
2791 5724 2905 5795 ἥσω
2944 5731 3191 5789 scripsisse
3218 5730 3499 5777 Ausonium
3523 5727 3657 5775 haud
3676 5727 3925 5788 probabile
3948 5733 4035 5786 est)
