4630 6435
753 454 873 513 100
2217 449 2526 506 AVSONII

1418 642 1802 707 Hannibalis
1847 643 2055 706 iurata
2099 639 2296 705 armis
2345 641 2741 723 deceptaque
2784 640 2852 705 in
2898 640 3101 705 hostis

1329 780 1332 781 f
1419 745 1746 810 servitium
1795 745 2060 810 demens
2104 744 2321 828 specie
2366 744 2662 809 transivit
2708 744 2872 808 erili.

1416 869 1566 912 mox
1611 855 1681 912 ut
1721 848 1789 912 in
1833 867 2130 913 occasum
2176 846 2357 911 vitiis
2403 847 2843 913 communibus
2887 848 3012 913 acti

1414 951 2038 1019 conruerunt‘Poeni
2083 951 2275 1031 luxu,
2331 951 2691 1036 Campania
2735 950 2935 1032 fast0,

1246 1076 1306 1114 60
1415 1057 1560 1137 (heu
1605 1076 1954 1138 numquam
2002 1054 2299 1119 stabilem
2347 1054 2569 1119 sortita
2614 1054 2920 1138 superbia
2965 1052 3247 1133 sedeml)
3434 1074 3489 1111 ιε,

1410 1161 1528 1224 illa
1573 1166 1803 1244 potens
1848 1158 2205 1243 opibusque
2252 1159 2512 1241 valens,
2566 1159 2769 1222 Roma
2812 1158 3021 1223 altera
3067 1157 3419 1241 qnondam,

1413 1283 1662 1329 comere
1709 1283 1874 1344 quae
1921 1262 2185 1346 paribus
2231 1260 2440 1345 potuit
2484 1261 2749 1345 fastigia
2794 1261 3002 1342 conis,

1411 1374 1707 1432 octavum
1754 1365 1993 1430 reiecta
2037 1366 2243 1429 locum
2292 1363 2403 1429 vix
2448 1384 2657 1448 paene
2702 1371 2937 1429 tuetur.

1413 1556 1560 1619 Non
1604 1561 1742 1620 erat
1784 1554 1909 1618 iste
1955 1554 2166 1618 locus:
2221 1553 2447 1617 merito
2496 1560 2711 1618 tamen
2756 1560 2948 1617 aucta
2992 1552 3228 1618 recenti
3732 1563 3857 1624 ‹Vll›
3901 1564 3994 1613 291

1243 1677 1303 1715 ⁶⁵
1411 1679 1579 1722 nona
1620 1659 1790 1723 inter
1833 1658 2041 1722 claras
2087 1657 2387 1739 Aquileia
2434 1656 2705 1721 cieberis
2753 1656 2970 1737 urbes,

1409 1762 1577 1825 Itala
1620 1762 1707 1825 ad
1750 1761 2044 1846 Illyricos
2092 1759 2345 1824 obiecta
2391 1760 2641 1824 colonia
2685 1766 2964 1839 montes,

1408 1864 1742 1929 moenibus
1788 1872 1853 1928 et
1897 1870 2084 1947 portu
2129 1863 2583 1928 celeberrima:
2636 1862 2752 1927 sed
2796 1863 3006 1945 magis
3050 1864 3214 1928 illud

1410 1968 1674 2047 eminet,
1732 1975 2016 2032 extremo
2059 1965 2230 2047 quod
2274 1972 2338 2030 te
2385 1967 2504 2030 sub
2551 1972 2838 2049 tempore
2885 1967 3071 2049 legit,
3460 1988 3486 2026 5

1408 2072 1686 2135 solveret
1729 2077 1954 2135 exacto
2001 2069 2103 2135 cui
2149 2090 2295 2134 sera
2340 2069 2598 2152 piacula
2641 2070 2847 2133 lustro

1239 2191 1298 2230 το
1406 2173 1760 2255 Maximae,
1813 2172 2116 2255 armigeri
2162 2170 2488 2254 quondam
2535 2173 2654 2237 sub
2700 2171 2957 2238 nomine
3003 2173 3159 2237 lixa.

1407 2276 1593 2357 felix,
1645 2297 1813 2359 quae
1859 2275 2021 2341 tanti
2068 2276 2416 2359 spectatrix
2462 2277 2636 2341 laeta
2679 2276 2983 2359 triumphi

1405 2380 1647 2464 punisti
1690 2381 1973 2444 Ausonio
2019 2379 2413 2463 Rutupinum
2462 2381 2664 2444 Marte
2710 2380 3047 2444 latronem.

1406 2570 1660 2649 Pande,
1713 2569 1955 2653 duplex
2002 2569 2291 2649 Arelate,
2346 2575 2492 2633 tuos
2538 2568 2780 2633 blanda
2824 2568 3082 2652 hospita
3126 2575 3374 2652 portus,
3695 2590 3857 2650 (vm)
3901 2588 3999 2637 292

1406 2673 1671 2737 Gallula
1713 2674 1916 2737 Roma
1961 2672 2222 2750 Arela8‚
2276 2692 2470 2754 quam
2518 2672 2734 2736 Narbo
2779 2672 3047 2737 Martius
3093 2680 3158 2737 et
3200 2692 3392 2756 quam

1237 2793 1297 2832 ⁷5
1403 2775 1634 2841 accolit
1675 2774 1931 2861 Alpinis
1977 2775 2286 2858 opulenta
2322 2776 2571 2839 Vienna
2619 2775 2889 2857 colonis,

1405 2878 1773 2963 praecipitis
1820 2872 2115 2942 Rhodani
2163 2877 2256 2943 sic
2299 2878 2605 2943 intercisa
2649 2877 2936 2959 fluentiS,

1401 2989 1472 3047 ut
1515 2980 1792 3047 mediam
1839 2981 2041 3046 facias
2089 2982 2308 3046 navali
2357 2987 2547 3065 ponte
2592 2983 2912 3067 plateam,
3454 3005 3478 3039 s,

1403 3106 1518 3169 per
1562 3105 1753 3167 quem
1799 3084 2068 3149 Romani
2115 3085 2473 3150 conmercia
2519 3085 2792 3168 suscipis
2838 3085 3013 3151 orbis

1400 3207 1520 3253 nec
1566 3188 1827 3253 cohibes
1872 3188 2272 3272 populosque
2319 3188 2481 3253 alios
2530 3195 2594 3254 et
2639 3188 2894 3254 moenia
2939 3188 3143 3268 (litas,

1235 3312 1294 3350 so
1404 3291 1622 3356 Gallia
1666 3292 1810 3374 quis
1856 3290 2087 3356 fruitur
2132 3291 2503 3373 gremioque
2548 3292 2936 3376 Aquitanica
2982 3293 3133 3358 lato.

1402 3480 1594 3546 Clara
1637 3481 1795 3545 mihi
1840 3486 1983 3564 post
2028 3479 2147 3545 has
2192 3481 2666 3560 memorabere,
2719 3502 2951 3546 nomen
2999 3482 3340 3560 Hiberum,
3668 3500 3849 3562 (vnn)
3895 3499 3992 3548 293

1401 3583 1723 3669 Hispalis,
1776 3603 2134 3666 aequoreus
2179 3604 2374 3667 quam
2420 3585 2907 3668 praeterlabitur
2954 3585 3193 3668 amnia,

1400 3687 1717 3752 submittit
1759 3687 1863 3752 cui
1907 3694 2040 3752 tota
2087 3707 2236 3752 suos
2282 3688 2600 3771 Hispania
2646 3687 2879 3753 fasces.

1400 3789 1700 3854 Corduba
1743 3811 1904 3870 non,
1956 3810 2081 3854 non
2127 3810 2274 3853 arce
2320 3797 2548 3873 potens
2592 3790 2706 3855 tibi
2754 3791 3031 3856 Tarraco
3078 3796 3279 3854 certat

1229 3912 1290 3951 ⁸⁵
1398 3913 1689 3976 quaeque
1737 3892 1880 3957 sinu
1925 3892 2143 3976 pelagi
2188 3893 2387 3958 iactat
2431 3913 2501 3958 se
2548 3894 2827 3958 Bracara
2873 3894 3081 3960 dives.
3443 3916 3468 3952 5

906 4148 969 4197 73
1008 4151 1073 4198 cs.
1116 4149 1289 4199 claud.
1334 4154 1447 4201 Rut.
1493 4153 1633 4199 Nam.
1677 4155 1698 4199 1
1741 4153 1836 4200 155

901 4373 966 4421 56
991 4375 1241 4422 annibalis
1274 4376 1314 4421 Τ
1488 4376 1550 4424 57
1581 4379 1794 4424 transire
1827 4377 1867 4423 V
2038 4377 2177 4424 herili
2205 4377 2347 4425 codd.
2529 4375 2592 4424 58
2618 4361 2857 4425 hoccassii
2881 4378 3025 4424 uitiis
3060 4377 3098 4421 V
3124 4378 3184 4438 (is
3211 4379 3263 4423 in
3287 4391 3383 4424 ras.
3424 4377 3575 4423 unius
3612 4377 3798 4423 litterae
3821 4372 3909 4436 ⁷71²)

725 4461 1024 4508 comunibus
1064 4461 1109 4506 P
1350 4461 1414 4509 59
1452 4466 1715 4510 comerent
1762 4464 1813 4524 V,
1858 4470 2150 4511 corruerunt
2189 4463 2247 4524 P,
2290 4478 2388 4525 quo
2424 4471 2631 4510 ruerent
2674 4464 2729 4524 T,
2772 4469 3058 4510 corruerent
3103 4462 3189 4521 Uy.
3440 4464 3569 4509 festo
3614 4462 3654 4508 V
3688 4463 3761 4522 (in
3796 4476 3893 4521 my.
3935 4462 3981 4508 al

724 4547 872 4606 fusto)
912 4551 1022 4607 cen,
1067 4549 1201 4595 fastu
1240 4548 1441 4608 Lipsius
1477 4551 1622 4608 volyo
1870 4549 1934 4597 60
1974 4563 2231 4610 nunquam
2269 4550 2313 4596 P
2360 4550 2446 4610 Uy.
2698 4551 2879 4611 supbia
2922 4549 2963 4594 V
3201 4547 3262 4596 61
3304 4550 3378 4595 ira
3418 4549 3459 4593 T
3702 4548 3904 4595 condam
3944 4547 3987 4593 P

725 4631 790 4678 64
827 4646 950 4702 viru
989 4635 1207 4694 aquileia
1251 4633 1290 4679 V
1328 4635 1399 4696 (in
1422 4650 1522 4694 my.
1551 4651 1617 4684 m.
1650 4637 1802 4696 ant),
1843 4637 1904 4682 de
1942 4636 2193 4696 aquilegia
2231 4637 2287 4696 P,
2334 4636 2409 4682 De
2450 4637 2687 4695 Aquileia
2719 4636 2809 4696 Uy.
3023 4642 3129 4681 orat
3168 4635 3212 4679 P
3417 4640 3493 4681 ste
3537 4635 3576 4679 V
3780 4638 3837 4680 tsi
3875 4633 3918 4679 P

722 4695 872 4765 recetl
922 4718 961 4765 V
998 4720 1045 4778 (e
1080 4735 1144 4766 m.
1189 4723 1294 4768 ant.
1337 4723 1390 4768 in
1425 4736 1550 4782 raa,
1592 4724 1630 4769 ti
1667 4721 1783 4768 add.
1824 4738 1891 4768 m.
1933 4723 2059 4781 ant.)
2310 4721 2374 4769 65
2413 4702 2613 4769 ²q⁰i¹⁰ia
2657 4723 2696 4766 V
2747 4722 2933 4783 (aquile
2971 4719 3059 4782 1112)
3311 4719 3376 4766 66
3414 4717 3562 4784 Itala]
3600 4722 3698 4767 ista
3736 4719 3780 4765 P
3821 4719 3909 4778 Uy.

720 4805 934 4862 illyricos
978 4805 1018 4849 V
1052 4805 1101 4867 (y
1140 4820 1197 4852 ex
1232 4808 1250 4852 i
1288 4803 1377 4867 ⁷122)
1432 4807 1541 4867 Uy„
1580 4807 1801 4855 illuricos
1847 4807 1887 4851 P
2092 4806 2156 4854 67
2194 4809 2311 4854 illut
2358 4808 2411 4864 V,
2453 4823 2548 4856 om.
2592 4808 2636 4854 P
2677 4808 2763 4867 Uy.
2993 4806 3059 4855 68
3098 4808 3322 4853 e*mi11et
3368 4806 3407 4851 V
3625 4804 3691 4853 69
3729 4807 3882 4853 soluit
3924 4805 3974 4864 P,

722 4891 927 4937 soluerit
959 4890 1048 4950 Uy.
1247 4907 1355 4939 sera
1388 4893 1438 4952 V,
1470 4893 1606 4939 iusta
1629 4898 1719 4941 cet.
1754 4892 1842 4954 (cf.
1875 4894 1998 4939 XXI
2026 4897 2068 4955 1,
2104 4895 2186 4948 41)
2215 4896 2358 4953 volyo
2552 4895 2707 4941 lustro
2746 4894 2796 4954 V,
2827 4895 2956 4941 bello
2984 4899 3070 4941 cet.
3279 4891 3343 4940 70
3377 4892 3511 4938 lixae
3537 4891 3702 4950 codd.,
3735 4893 3837 4938 lixa
3863 4891 3981 4938 Suae

725 4975 785 5024 71
827 4977 1106 5037 trihumphi
1142 4978 1180 5024 V
1351 4978 1414 5027 73
1454 4993 1486 5026 x
1512 4980 1670 5027 arelas
1705 4979 1746 5025 V
1771 4980 1841 5041 (in
1864 4994 1964 5037 my.
1994 4996 2061 5027 m.
2095 4979 2248 5039 ant.),
2279 4981 2342 5028 de
2370 4981 2555 5027 uienna
2585 4978 2627 5024 P
2661 4979 2771 5038 Gy„
2801 4980 2862 5026 de
2890 4981 3127 5027 arletensi
3155 4980 3275 5026 urbe
3308 4979 3347 5023 T
3518 4979 3666 5039 prode
3696 4978 3786 5024 PT
3822 4977 3908 5035 Uy.

720 5063 900 5111 arelate
941 5098 951 5109 .
986 5099 996 5109 .
1032 5099 1043 5110 .
1086 5077 1221 5110 roma
1255 5079 1351 5112 om.
1398 5065 1483 5110 ΡΤ
1530 5065 1616 5124 Uy.
1856 5066 2030 5113 Arelas
2066 5071 2205 5112 tutos
2243 5066 2479 5113 Heinsius
2710 5067 2855 5113 blida
2902 5067 2941 5111 V
2985 5069 3027 5126 (a
3063 5067 3150 5114 alt.
3191 5061 3265 5112 1πῖ
3301 5068 3353 5112 in
3388 5069 3510 5124 ras.)
3726 5042 3893 5125 port¹¹⁸
3945 5063 3985 5108 V

726 5146 775 5207 (p
812 5161 868 5194 ex
905 5163 930 5194 c
965 5151 1043 5195 vel
1079 5154 1099 5194 t
1133 5164 1258 5198 corr.
1300 5154 1345 5197 et
1382 5155 1465 5197 tus
1502 5150 1618 5197 add.
1661 5148 1753 5210 m2)
1968 5151 2031 5199 74
2070 5153 2244 5199 narrbo
2277 5153 2320 5198 V
2358 5154 2402 5211 (b
2440 5168 2563 5199 corr.
2605 5168 2661 5199 ex
2699 5152 2801 5213 οἳ),
2848 5154 2976 5199 nabo
3016 5152 3060 5198 P
3266 5153 3479 5198 marcius
3514 5151 3552 5197 V
3760 5149 3823 5198 75
3861 5163 3984 5210 opu-

717 5233 856 5280 lenta
881 5235 1070 5282 colonia
1100 5236 1140 5280 T
1168 5237 1375 5295 (colonia
1401 5236 1520 5296 del.)
1738 5235 1800 5284 76
1841 5238 2012 5284 rodani
2053 5239 2094 5282 Τ
2299 5239 2564 5285 intere-issa
2591 5238 2635 5284 P
2842 5236 2905 5286 78
2944 5233 3174 5302 Romani]
3212 5251 3373 5284 rerum
3401 5237 3444 5282 P
3649 5220 3891 5283 c6mercia
3922 5236 3972 5297 V,

722 5321 953 5365 comertia
984 5318 1039 5380 T,
1083 5323 1318 5369 comercia
1353 5322 1439 5381 [⁷9.
1659 5322 1722 5370 79
1761 5324 1927 5370 coibes
1961 5323 2001 5368 V
2205 5325 2296 5370 alis
2328 5325 2369 5369 Τ
2580 5324 2644 5372 80
2682 5326 2857 5371 fluitur
2888 5325 2927 5369 Τ
3134 5324 3446 5384 acquitanica
3486 5323 3543 5384 P,
3585 5324 3843 5383 aquitania
3887 5322 3973 5382 Uy.

720 5406 864 5463 volyo
1093 5405 1153 5453 81
1198 5421 1253 5453 xx
1292 5408 1497 5469 hispalis
1544 5409 1582 5453 V
1620 5408 1693 5470 (in
1728 5424 1826 5467 my.
1869 5425 1937 5456 m.
1978 5410 2130 5470 anm,
2172 5412 2232 5457 de
2269 5411 2577 5457 tarrachonia
2615 5410 2670 5466 P,
2717 5412 2791 5457 De
2828 5410 3053 5457 Emerita
3089 5415 3140 5456 et
3177 5409 3424 5456 'l‘araeone
3473 5408 3559 5466 vy.
3774 5422 3880 5455 cara
3924 5407 3975 5466 V,

719 5504 836 5536 cura
874 5489 928 5547 P,
973 5491 1080 5537 iure
1116 5491 1227 5551 U9.,
1269 5494 1394 5540 clara
1441 5495 1548 5542 Tou
1757 5494 1845 5543 hos
1883 5494 1965 5540 VP
2171 5503 2321 5544 nume
2359 5497 2398 5543 V
2603 5497 2871 5543 hibernum
2898 5496 2943 5542 P
3152 5494 3215 5543 82
3253 5496 3464 5556 hispalis
3497 5495 3546 5556 V,
3592 5497 3795 5541 emerita
3818 5499 3906 5542 cet.

719 5577 1046 5637 patei-labitur
1091 5576 1130 5623 V
1390 5579 1454 5627 83
1494 5563 1715 5627 sinmittit
1759 5581 1801 5626 V
2037 5587 2136 5627 tota
2182 5581 2222 5625 V
2260 5583 2301 5640 (o
2341 5596 2397 5628 ex
2435 5583 2482 5643 u)
2736 5558 2961 5643 hispania
3006 5582 3045 5626 V
3088 5581 3153 5641 (bi
3191 5576 3281 5640 m2)
3558 5579 3620 5627 84
3661 5594 3739 5626 x11
3776 5581 3979 5628 cordoba

718 5674 818 5708 xm
855 5667 1041 5709 tarraco
1074 5657 1124 5707 V'
1151 5664 1224 5726 (in
1247 5679 1342 5724 my.
1373 5681 1440 5712 m.
1472 5666 1597 5726 ant.)
1813 5679 1910 5712 non
1948 5662 2071 5730 non]
2107 5667 2226 5713 hinc
2264 5680 2359 5714 non
2398 5667 2447 5727 V,
2491 5669 2702 5714 alterum
2742 5681 2838 5714 non
2876 5681 2973 5715 om.
3010 5667 3099 5725 [19.
3316 5666 3535 5713 tarracho
3574 5666 3633 5724 P,
3676 5666 3857 5713 Taraco
3889 5665 3972 5725 Uy.

720 5746 784 5796 85
823 5761 946 5795 xxm
985 5749 1182 5795 bracara
1233 5749 1272 5793 V
1313 5751 1379 5808 (in
1417 5766 1510 5809 my.
1552 5766 1619 5797 m.
1663 5755 1790 5808 ant.)
2011 5753 2242 5799 brachata
2282 5752 2327 5798 P
2368 5751 2454 5811 Uy.
2672 5754 2795 5800 dues
2836 5754 2879 5799 P
