4630 6435
1302 452 1577 507 CVPIDO
1618 452 2052 509 CRVCIATVS
2098 452 2382 516 (XXIIII).
2460 450 2773 506 BISSVLA
2815 451 3036 517 (XXV).
3584 412 3587 415 >
3680 454 3796 513 1⁹25

1750 791 2024 890 XXV.
2092 790 2587 891 BISSVLA.

1517 1023 1580 1089 l.
1628 1024 2050 1090 AVSONIVS
2096 1024 2376 1090 PAVLO
2424 1024 2585 1090 SVO
2631 1025 2699 1089 S.
2753 1024 2832 1087 D.

713 1197 1042 1263 Pervincis
1099 1204 1315 1263 tamen
1376 1204 1440 1262 et
1498 1203 1718 1281 operta
1777 1215 2100 1262 musarum
2148 1217 2463 1279 mearum,
2531 1218 2699 1280 quae
2742 1196 3063 1262 initiorum
3109 1196 3371 1261 velabat
3413 1197 3789 1278 obscuritas,
3836 1182 4015 1312 {ssgyu
4057 1254 4171 1314 VH)

535 1322 929 1384 quamquam
977 1321 1102 1365 non
1149 1300 1485 1386 profanuS,
1538 1300 1864 1384 irrumpis,
1921 1300 2122 1365 Paule
2168 1300 2520 1365 carissime.
2615 1300 2909 1383 quamvis
2954 1299 3124 1365 enim
3169 1306 3231 1365 te
3272 1321 3398 1364 non
3441 1299 3581 1364 eius
3621 1298 3802 1382 vulgi
3840 1321 3915 1385 (ω)
4022 1290 4034 1301 ’

529 1403 919 1485 existimem,
975 1404 1143 1487 quod
1190 1404 1491 1469 Horatius
1538 1409 1712 1468 arcet
1755 1403 2086 1485 ingressu,
2139 1409 2356 1468 tamen
2402 1423 2520 1469 sua
2565 1403 2793 1485 cuique
2839 1422 3055 1483 sacra,
3111 1424 3318 1488 neque
3362 1403 3534 1468 idem
3581 1402 3799 1468 Cereri

525 1508 709 1590 quod
744 1507 990 1588 Libero.
1045 1507 1239 1572 etiam
1286 1506 1404 1571 sub
1449 1504 1681 1571 iisdem
1728 1506 2100 1571 cultoribus.
2183 1506 2532 1590 poematia,
2586 1507 2851 1589 quaein
2884 1508 3211 1572 alumnam
3244 1527 3453 1572 meam
3487 1508 3788 1585 luseram,

454 1634 483 1669 ε»
531 1610 725 1674 rudia
755 1616 819 1674 et
850 1610 1150 1674 incohata
1180 1610 1265 1674 ad
1297 1610 1689 1675 domesticae
1722 1609 2027 1674 solacium
2060 1610 2441 1691 cantilenae,
2482 1631 2625 1676 cum
2658 1610 2797 1676 sine
2828 1618 3001 1676 metu
3042 1613 3147 1693 [et]
3186 1630 3424 1675 arcana
3456 1610 3799 1675 securitate

529 1713 932 1795 fruerentur,
1001 1713 1269 1798 proferri
1331 1713 1415 1778 ad
1475 1714 1679 1778 lucem
1743 1712 2094 1797 caligantia
2150 1715 2439 1796 coegisti.
2534 1714 2959 1779 verecundiae
3007 1734 3190 1779 meae
3237 1713 3481 1778 scilicet
3527 1713 3798 1797 spolium

530 1817 927 1901 concupisti,
994 1824 1138 1898 aut,
1206 1822 1512 1899 quantum
1559 1816 1678 1882 tibi
1721 1817 1789 1881 in
1834 1837 1936 1881 me
1981 1817 2138 1882 iuris
2185 1824 2392 1899 esset,
2459 1818 2539 1882 ab
2586 1817 2788 1882 invito
2836 1817 3139 1882 indicari:
3207 1837 3284 1881 ne
3332 1825 3400 1882 tu
3446 1815 3799 1881 Alexandri

527 1920 907 1985 Macedonis
966 1920 1396 2004 pervicaciam
1458 1939 1949 2004 supergressus,
2016 1920 2161 2003 qui,
2226 1920 2447 1986 fatalis
2504 1920 2640 2005 iugi
2699 1921 2835 1985 lora
2900 1942 3042 1985 cum
3088 1921 3337 1985 solvere
3382 1940 3508 1984 non
3555 1926 3790 2004 posset,

528 2023 816 2089 abscidit
861 2029 926 2090 et
969 2023 1244 2108 Pythiae
1291 2042 1590 2107 specum,
1658 2044 1783 2105 quo
1829 2022 1934 2089 die
1981 2023 2083 2088 fas
2128 2044 2252 2088 non
2299 2031 2438 2088 erat
2480 2031 2740 2108 patere,
2795 2024 3174 2108 penetravit.
3271 2030 3448 2088 utere
3492 2022 3690 2105 igitur
3733 2029 3802 2087 ut

413 2150 480 2190 ιο
529 2126 701 2209 mie,
768 2126 910 2212 pari
971 2127 1142 2207 iure,
1212 2127 1329 2193 sed
1387 2126 1624 2192 fiducia
1685 2127 1957 2211 dispari:
2024 2126 2262 2212 quippe
2317 2134 2429 2191 tua
2472 2134 2739 2211 possunt
2784 2128 3093 2212 populum
3140 2148 3265 2191 non
3310 2127 3569 2206 timere,
3638 2125 3799 2189 meis

534 2230 737 2295 etiam
781 2230 948 2295 intra
992 2251 1094 2297 me
1142 2231 1472 2297 erubesco.
1566 2233 1737 2297 vale.

1855 2522 1920 2587 2.
1967 2524 2478 2591 PRAEFATIO.

1209 2698 1292 2761 Vt
1334 2697 1624 2778 voluisti,
1680 2697 1912 2777 Paule,
1968 2704 2227 2762 cunctos
2275 2696 2571 2761 Bissulae
2618 2715 2843 2762 versus
2888 2697 3118 2777 habea,

1209 2789 1478 2864 lusimus
1524 2820 1684 2884 quos
1729 2800 1799 2865 in
1846 2800 2099 2865 Suebae
2144 2800 2420 2883 gratiam
2467 2800 2925 2883 virgunculae,

1209 2903 1406 2968 otium
1455 2904 1665 2988 magis
1712 2905 2006 2969 foventes
2054 2925 2243 2987 quam
2292 2904 2627 2969 studentes
2671 2904 2941 2987 gloriae.

1208 3014 1276 3073 tu
1326 3009 1636 3075 molestus
1679 3007 2007 3092 flagitator
2050 3008 2196 3091 lege
2242 3009 2513 3074 molesta
2559 3008 2864 3073 carmina.

1076 3134 1101 3172 5
1207 3111 1356 3193 tibi,
1411 3112 1582 3193 quod
1628 3111 1896 3188 intristi,
1951 3110 2354 3177 exedendum
2398 3117 2529 3177 est:
2585 3111 2678 3176 sic
2722 3118 2905 3176 vetus
2952 3111 3217 3176 verbum
3261 3110 3474 3193 iubet,

1210 3214 1590 3300 compedes,
1646 3233 1807 3297 quas
1851 3214 1992 3298 ipse
2039 3214 2223 3296 fecit,
2278 3215 2462 3298 ipsus
2507 3223 2578 3280 ut
2625 3221 2837 3300 gestet
2879 3213 3082 3281 faber.

1436 3490 1502 3556 3.
1551 3491 1667 3554 AD
1717 3491 2174 3557 LECTOREM
2224 3490 2482 3555 HVIVS
2532 3490 2893 3555 LIBELLI.

1210 3664 1526 3731 Carminis
1572 3664 1878 3747 incompti
1924 3672 2180 3730 tenuem
2226 3663 2471 3728 lecture
2518 3663 2807 3728 libellum
3568 3751 3573 3756 ἱ
3697 3673 3795 3724 327

1383 3787 1549 3852 pone
1598 3767 2035 3852 supercilium.

1210 3870 1383 3936 seria
1428 3870 1767 3935 contractis
1815 3871 2110 3954 expende
2156 3876 2454 3954 poemata
2498 3870 2715 3952 rugis:

1381 3993 1496 4038 nos
1542 3974 1903 4059 Thymelen
1951 3974 2292 4057 sequimur.

713 4323 876 4371 XXV.
922 4318 980 4373 1.
1054 4322 1083 4368 3
1123 4322 1240 4369 Hor.
1283 4321 1445 4369 Carm.
1490 4323 1562 4368 111
1606 4321 1650 4383 1,
1698 4320 1718 4370 l
1762 4321 1855 4369 Odi
1895 4323 2156 4384 profanum
2200 4324 2383 4382 vulgus
2421 4328 2473 4370 et
2510 4336 2648 4370 arceo

712 4404 772 4460 2·
846 4409 875 4457 5
915 4409 1029 4457 Ter.
1075 4408 1272 4456 Phorm.
1317 4409 1367 4455 11
1405 4407 1454 4469 2,
1499 4407 1529 4455 4
1574 4407 1708 4470 (318)
1753 4413 1863 4456 tute
1899 4409 1989 4456 hoc
2025 4409 2246 4457 intristi:
2290 4409 2385 4455 tibi
2423 4422 2568 4458 omne
2606 4413 2685 4456 est
2719 4407 3039 4456 exedendum

717 4492 776 4546 8·
855 4495 871 4543 1
917 4496 1079 4555 Priap.
1118 4493 1159 4556 1,
1197 4493 1317 4554 lsq.
1364 4493 1609 4542 Carminis
1647 4495 1889 4556 incompti
1926 4495 2070 4542 lusus
2095 4493 2286 4541 lecture
2313 4507 2543 4554 procaces
2569 4529 2583 4542 .
2620 4531 2631 4541 .
2665 4530 2676 4543 .
2707 4508 2835 4554 pone
2862 4494 3190 4555 supercilium
3219 4493 3300 4551 (cs.
3332 4493 3481 4542 Mart.
3513 4494 3532 4539 1
3559 4491 3607 4550 4,
3645 4491 3666 4540 1
3692 4494 3786 4554 sq.)

532 4582 564 4628 4
605 4581 755 4629 Mart.
796 4582 819 4629 1
857 4581 910 4642 4,
953 4582 982 4628 5
1011 4596 1085 4642 sq.
1130 4593 1228 4641 qua
1264 4578 1541 4638 Thymelen
1579 4585 1776 4642 spectas
1815 4580 2186 4640 derisoremque
2226 4581 2481 4641 Latinum,
2524 4580 2614 4627 illa
2654 4581 2819 4628 fronte
2856 4593 3028 4642 precor
3064 4581 3281 4626 carmina
3319 4585 3486 4626 nostra
3523 4579 3658 4637 legas

711 4908 874 4957 XXV.
917 4904 975 4959 l·
1048 4910 1239 4971 Incipit
1275 4909 1492 4956 Bissula.
1569 4907 1825 4956 Ausonius
1862 4907 2017 4954 Paulo
2053 4920 2143 4954 suo
2182 4906 2256 4955 sal
2293 4907 2417 4953 dicit
2460 4905 2562 4966 TE,
2618 4907 2773 4955 Paulo
2809 4921 2899 4954 suo
2937 4923 2977 4954 s.
3015 4923 3063 4969 p.
3108 4906 3156 4954 d.
3198 4921 3333 4968 muv,
3380 4908 3583 4955 nullum
3618 4909 3795 4956 lemma

537 4995 596 5042 M
772 4994 793 5042 1
838 4991 1030 5060 tamen]
1067 4995 1268 5043 tandem
1307 4997 1574 5043 Accuraiua
1610 4996 1753 5054 volyo
1961 5007 2072 5041 mea
2111 4992 2154 5038 T
2362 4991 2394 5041 2
2430 4991 2713 5054 prophanus
2757 4993 2798 5039 T
3008 4995 3229 5054 erumpis
3271 4992 3313 5038 T
3521 4990 3799 5060 carissime]

533 5077 681 5130 kime
709 5079 763 5127 M
933 5077 1156 5141 iuluulgi
1206 5082 1247 5128 T
1285 5081 1376 5141 (iul
1413 5081 1509 5128 dcl.
1549 5079 1639 5139 m¹)
1828 5081 1857 5128 3
1896 5080 2142 5127 extimem
2171 5077 2228 5124 M
2409 5079 2596 5126 oratius
2624 5078 2680 5124 M
2875 5093 2985 5128 arce
3016 5080 3057 5125 T
3241 5093 3487 5128 sacrarum
3514 5080 3648 5127 idem
3677 5079 3733 5125 M

535 5163 728 5232 neque]
764 5181 855 5214 nec
896 5168 939 5213 Ε
971 5169 1114 5227 volyo
1323 5167 1354 5215 4
1392 5166 1605 5214 hiisdem
1648 5166 1703 5212 M
1907 5165 1936 5212 5
1974 5164 2233 5212 incohacta
2273 5164 2314 5210 T
2355 5165 2568 5226 (incocta
2602 5179 2724 5213 corr.
2768 5165 2880 5226 νηί),
2923 5166 3117 5214 incocta
3155 5164 3208 5211 M
3416 5167 3651 5215 solatium
3694 5167 3735 5213 T

535 5258 676 5301 metu
702 5259 753 5300 et
776 5267 950 5302 arcana
979 5269 1039 5315 ω,
1083 5258 1133 5301 et
1159 5254 1256 5302 del.
1285 5253 1420 5301 Scal.
1600 5252 1633 5301 6
1670 5254 1888 5313 proferre
1919 5251 2007 5297 TE
2029 5252 2189 5312 volyo,
2231 5252 2441 5313 proferri
2467 5255 2559 5301 cet.
2728 5252 2920 5299 scilicet
2945 5251 3249 5313 (compendio
3275 5266 3316 5300 s.
3346 5254 3598 5314 scriptum)
3626 5267 3724 5303 om.
3761 5255 3801 5299 T

537 5339 565 5387 7
605 5345 745 5387 muto
783 5340 992 5387 iudicari
1037 5339 1078 5385 T
1302 5337 1332 5387 8
1370 5339 1675 5387 macedonici
1717 5337 1770 5383 M
1977 5337 2008 5384 9
2046 5336 2204 5398 pythii
2250 5337 2290 5381 T
2338 5336 2371 5397 (i
2409 5339 2497 5385 alt.
2539 5351 2596 5384 cx
2633 5339 2680 5398 e)
2896 5338 3028 5399 quod
3065 5338 3145 5386 dic
3184 5337 3241 5384 M
3447 5340 3521 5386 fas
3559 5352 3655 5386 non
3693 5346 3801 5387 erat

541 5427 655 5484 (erit
697 5425 768 5485 M)
817 5441 876 5484 ω,
923 5426 996 5472 fas
1034 5429 1140 5472 erat
1179 5425 1235 5484 E,
1278 5426 1420 5472 nefas
1457 5430 1564 5472 erat
1611 5421 1757 5473 Van!
1790 5426 1933 5484 volyo
2148 5421 2203 5470 11
2248 5424 2399 5470 etiam
2436 5437 2534 5472 om.
2579 5423 2635 5469 M
2838 5425 2953 5473 nale
2990 5423 3109 5471 add.
3151 5439 3214 5484 ω,
3255 5431 3359 5471 om.
3397 5425 3442 5471 E
3475 5427 3619 5485 volyo

711 5507 772 5562 2.
846 5511 1126 5559 Presncium
1155 5509 1224 5572 Μ,
1267 5512 1550 5559 Prefncinm
1583 5511 1818 5572 (prefatio
1847 5509 1948 5569 mu)
1993 5509 2055 5556 de
2089 5509 2319 5557 uersibus
2346 5509 2549 5572 Bissule
2573 5524 2697 5570 quos
2725 5511 2788 5558 ad
2813 5511 3021 5558 Paulum
3047 5512 3254 5559 miserat
3285 5511 3363 5575 Τχ
3575 5510 3606 5560 2
3643 5513 3799 5560 suebe

538 5598 604 5661 Μ,
650 5612 840 5647 sueuae
883 5598 961 5662 Τχ
1170 5596 1199 5644 4
1238 5598 1464 5645 molestia
1502 5595 1559 5643 M

712 5679 772 5734 8·
844 5684 923 5731 Ad
959 5686 1197 5731 lectorem
1235 5683 1388 5730 huius
1425 5682 1586 5730 libelli
1629 5683 1802 5743 (huius
1839 5682 1995 5730 libelli
2032 5697 2130 5731 om.
2156 5681 2211 5745 χ)
2248 5681 2385 5746 ΤχΕ,
2429 5679 2631 5729 &tullum
2665 5683 2845 5730 lemma
2871 5681 2928 5728 M
3139 5681 3161 5730 1
3202 5683 3381 5731 inculti
3413 5682 3516 5730 ΜΕ
3721 5688 3800 5730 te-

531 5775 693 5833 nuere
736 5767 794 5816 M
834 5771 970 5833 (corr.
1013 5765 1103 5832 ιη’)
1321 5768 1351 5819 3
1386 5774 1617 5834 poemate
1655 5767 1713 5816 M
1916 5767 1947 5816 4
1984 5767 2258 5826 thymelnm
2294 5767 2368 5831 M,
2409 5768 2643 5827 tymelem
2688 5768 2729 5815 T
