4630 6435
1530 403 1921 461 CAESARES
1964 407 2157 472 (XXI).
2236 409 2337 463 DE
2374 408 2642 465 FASTIS
2682 411 2903 476 (XXII).
3740 418 3862 480 119

1611 839 1729 904 AN
1732 840 1908 906 TON
1911 840 2113 906 INVS
2159 841 2844 910 HELIOGABALVS.

1260 1029 1442 1093 Tune
1490 1029 1684 1094 etiam
1731 1029 2064 1113 Augustae
2111 1031 2286 1096 sedis
2332 1032 2690 1115 penetralia
2734 1032 2989 1113 foedas,
3445 1057 3673 1105 xxvnl
3716 1058 3854 1119 (284)

1424 1133 1888 1199 Antoninorum
1933 1135 2193 1200 nomina
2239 1135 2410 1201 salsa
2452 1142 2733 1220 gerens?

2078 2041 2362 2138 XXII.

1458 2305 1521 2373 1.
1566 2303 1995 2371 AVSONIVS
2040 2305 2464 2372 HESPERIO
2511 2306 2743 2373 FILIO
2789 2308 2970 2373 SAL.

716 2527 1216 2609 (CONSVLARI
1261 2527 1516 2594 LIBRO
1564 2528 2061 2595 SVBIOOENDI
2106 2529 2346 2609 QVEM
2390 2530 2563 2597 EGO
2607 2531 2728 2595 EX
2776 2532 3141 2599 CVNOTIS
3186 2535 3715 2603 CONSVLIBVS

1402 2650 1646 2714 VNVM
1691 2649 1953 2716 COEGI
2001 2649 2442 2718 GREGORIO
2488 2652 2607 2717 EX
2653 2652 3014 2738 PRAEF.).

1250 2822 1479 2905 Ignota
1523 2827 1829 2889 aeternae
1875 2842 1957 2888 ne
2006 2821 2137 2888 sint
2181 2822 2297 2887 tibi
2343 2830 2632 2908 tempora
2678 2826 2954 2900 Romae,
3746 2851 3838 2900 147

1422 2925 1685 3009 regibus
1729 2932 1794 2991 et
1838 2932 2088 3011 patrum
2136 2925 2331 2992 ducta
2376 2928 2495 2992 sub
2541 2927 2870 3012 imperiis,
3715 2938 3837 2999 (Vm)

1251 3028 1496 3112 digessi
1540 3029 1741 3095 fastos
1786 3038 1853 3096 et
1895 3030 2154 3095 nomina
2197 3030 2527 3116 praepetis
2572 3032 2750 3113 aevi,

1423 3152 1652 3220 sparsa
1694 3132 1908 3199 iacent
1951 3133 2203 3199 Latiam
2250 3133 2308 3200 si
2353 3155 2483 3219 qua
2528 3155 2643 3221 per
2687 3136 3048 3202 historiam.

1081 3261 1107 3300 ⁵
1251 3237 1335 3303 sit
1376 3244 1523 3303 tuus
1567 3236 1673 3303 hic
1718 3237 1997 3320 fructus,
2053 3240 2364 3323 vigilatas
2411 3239 2633 3324 accipe
2678 3246 2934 3306 noctes:

1423 3341 1796 3423 obsequitur
1840 3342 2050 3408 studio
2095 3348 2317 3409 nostra
2359 3343 2624 3409 lucerna
2668 3350 2802 3409 tuo.

1249 3452 1316 3509 tu
1363 3465 1614 3528 quoque
1658 3452 1959 3511 venturos
2006 3466 2122 3531 per
2167 3447 2430 3530 longum
2476 3466 2741 3513 consere
2785 3448 3010 3532 Ianos,

1422 3556 1492 3614 ut
1534 3568 1682 3614 mea
1727 3547 2004 3631 digessit
2046 3550 2289 3634 pagina
2335 3550 2738 3635 praeteritos,

1250 3651 1613 3736 exemplum
1659 3651 1788 3717 iam
1835 3652 2039 3737 patris
2084 3652 2321 3734 habes,
2375 3660 2445 3719 ut
2489 3653 2779 3737 protinus
2826 3661 2890 3720 et
2934 3660 2998 3719 te

1049 3776 1105 3817 ιο
1420 3754 1736 3839 adgreget
1778 3756 2081 3823 Ausoniis
2127 3777 2409 3842 purpura
2453 3756 2848 3823 consulibus.

830 4134 895 4201 2.
944 4133 1472 4200 SVPPVTATIO
1519 4134 1629 4198 AB
1676 4134 1899 4198 VRBE
1947 4134 2335 4201 CONDITA
2381 4134 2473 4200 IN
2522 4135 3092 4202 CONSVLATVM
3139 4138 3571 4204 NOSTRVM.

1242 4325 1445 4390 Annis
1498 4323 1807 4390 undecies
1852 4331 2105 4391 centum
2152 4325 2467 4408 coniunge
2513 4332 2894 4409 quaternos,
3737 4348 3832 4400 148

1243 4428 1548 4494 undecies
1595 4448 1917 4512 unumque
1962 4447 2182 4511 super,
2233 4428 2565 4495 trieterida
2609 4435 2824 4495 necte:
3753 4437 3829 4498 (V)

1242 4529 1405 4597 haec
1450 4532 1571 4597 erit
1613 4539 1916 4596 aeternae
1962 4531 2161 4597 series
2208 4531 2290 4597 ab
2338 4531 2586 4614 origine
2631 4532 2896 4596 Romae.

746 4902 997 4948 Antonius
1034 4899 1391 4958 Heliogabolus
1440 4897 1492 4957 V,
1536 4896 1826 4944 Antoninus
1862 4896 2238 4955 Heliogaballus
2278 4895 2321 4942 B
2529 4893 2592 4943 97
2630 4902 2755 4944 tunc
2791 4896 2837 4943 Β
3043 4897 3186 4945 sedes
3233 4897 3272 4943 V
3474 4899 3615 4962 fedas
3654 4900 3769 4946 Bw

571 4987 632 5034 In
664 4987 705 5033 V
730 4991 841 5047 post
879 4989 945 5035 98
979 4985 1191 5034 duorum
1225 4998 1460 5033 versuum
1495 4985 1712 5044 spatium
1747 4996 1964 5031 vacuum
1999 4986 2071 5031 ent
2105 4983 2350 5042 relictum,
2391 4981 2566 5030 deinde
2602 4984 2782 5042 ἱερᾶται·
2805 4981 3069 5032 Conclusio
3096 4982 3183 5046 (cf.
3212 4984 3388 5047 XXII,
3418 4985 3484 5044 1).
3561 4984 3639 5034 ‘v.
3669 5000 3712 5035 c.
3744 4986 3833 5046 (hie

568 5075 743 5121 litteris
779 5072 1056 5135 significare
1090 5074 1209 5120 solet
1246 5071 1425 5119 librum
1471 5069 1528 5130 V)
1570 5070 1659 5117 hoc
1696 5068 1971 5116 distichum
2007 5069 2175 5118 addit:
2234 5069 2344 5126 Quo
2379 5083 2654 5131 numquam
2692 5083 2853 5130 neque
2890 5075 3037 5132 turpe
3075 5071 3230 5131 magis
3267 5084 3433 5132 neque
3468 5072 3636 5119 fedius
3670 5072 3828 5120 ullum

570 5158 851 5207 Monstrum
889 5159 1105 5206 Romano
1141 5158 1271 5206 sedit
1308 5159 1359 5205 in
1395 5152 1634 5218 imperio'
1673 5154 1865 5203 Dema.
1941 5155 2217 5204 Tetrastica
2252 5155 2390 5216 expl.
2434 5155 2494 5216 B,
2547 5154 2764 5203 Finiunt
2799 5156 3050 5205 detrusti..
3080 5155 3145 5217 R,
3197 5157 3410 5205 Finiunt
3445 5158 3735 5205 tetrasticha
3773 5157 3830 5200 W

740 5263 913 5311 xxn.
991 5266 1016 5310 1
1056 5266 1100 5309 ct
1137 5263 1168 5309 2
1205 5264 1259 5309 in
1290 5261 1340 5322 V,
1386 5265 1433 5323 1,
1474 5261 1524 5319 3,
1570 5267 1598 5309 4
1637 5262 1691 5308 in
1728 5276 1791 5308 ω.
1892 5255 1952 5309 l·
2024 5259 2306 5307 Conclusio,
2350 5259 2606 5306 Ausonius
2643 5259 2852 5321 Esperio
2890 5260 3015 5307 Filio
3054 5259 3151 5307 Sal.
3204 5260 3260 5321 V,
3299 5274 3393 5308 om.
3439 5276 3481 5309 ω
3695 5262 3832 5309 Con-

567 5350 718 5398 sulari
759 5385 773 5400 .
806 5385 820 5400 .
850 5386 862 5398 .
905 5349 1181 5397 subitiendi
1224 5384 1236 5396 .
1271 5385 1282 5396 .
1316 5385 1327 5395 .
1371 5351 1413 5394 s:
1453 5349 1646 5396 cunctis
1687 5382 1700 5395 .
1734 5382 1746 5394 .
1782 5383 1794 5394 .
1834 5359 1895 5393 ex
1934 5346 2091 5406 praef.
2137 5343 2207 5404 M,
2249 5343 2420 5392 eadem
2454 5343 2558 5404 fere
2593 5345 2623 5390 k
2659 5348 2704 5391 et
2741 5342 3032 5407 v2(1'nm9.)
3073 5342 3273 5412 b2992p,
3318 5347 3374 5393 In
3411 5347 3538 5395 libro
3574 5362 3725 5408 quem
3762 5347 3826 5394 de

571 5437 712 5485 fastis
748 5441 1093 5498 composuerat
1127 5435 1186 5482 ad
1225 5435 1520 5494 Gregorium
1555 5433 1692 5481 muE
1714 5438 1757 5480 ct
1779 5429 1874 5494 pv2
1912 5433 1986 5490 (in
2025 5431 2198 5492 quibus
2234 5430 2356 5480 add.
2386 5432 2450 5478 ex
2481 5429 2686 5492 preca),
2728 5433 2802 5479 De
2841 5432 2985 5479 fastis
3022 5433 3311 5493 compositis
3348 5432 3407 5480 ad
3446 5432 3737 5492 Gregorium
3776 5450 3826 5490 υ,

565 5524 766 5571 nullum
799 5524 979 5571 lemma
1020 5522 1061 5569 Τ
1271 5519 1300 5568 3
1338 5522 1589 5582 praepetis
1621 5518 1767 5579 VTky
1805 5523 1850 5566 ct
1884 5534 1925 5586 μ
1969 5514 2100 5580 (7122),
2141 5518 2365 5580 perpetis
2401 5522 2488 5566 cet.
2525 5520 2668 5579 volyo
2879 5517 2909 5566 8
2947 5521 3196 5578 congessit
3234 5534 3276 5567 ω
3315 5520 3460 5578 υοιρο
3669 5518 3700 5566 9
3737 5532 3828 5566 ex·

565 5609 728 5671 emplo
765 5608 956 5657 confide
991 5621 1102 5656 meo
1138 5609 1211 5657 sic
1246 5609 1480 5670 protinus
1517 5623 1560 5656 ω
1766 5605 1827 5655 10
1864 5605 2084 5668 applicet
2120 5619 2162 5652 ω

739 5706 801 5763 2·
872 5710 903 5761 2
939 5711 1170 5761 undenos
1208 5723 1467 5772 unumque
1505 5708 1718 5758 Retand.
1763 5709 1895 5757 Fast.
1947 5708 2090 5756 Com.
2127 5721 2181 5766 p.
2213 5713 2332 5768 464,
2374 5720 2627 5768 unamque
2663 5707 2823 5765 Scal„
2864 5706 3087 5755 undenos
3125 5721 3377 5769 unamque
3416 5707 3657 5755 Baehrens
