4630 6435
854 418 975 484 168
2321 418 2570 476 AVSON
2574 419 2628 474 11

1523 608 1762 674 natalis
1809 608 1865 674 si
1910 608 2072 675 forte
2117 606 2242 675 fuit
2285 608 2618 674 sollemnis
2663 610 2870 676 amico

1355 733 1414 772 50
1524 711 1949 795 coniugioque
1996 712 2201 797 dapes
2247 719 2362 778 aut
2404 732 2588 777 sacra
2632 714 2879 797 repotia
2922 721 3207 798 patrum,

1522 815 1743 879 audivi
1788 815 2176 898 meminique
2220 816 2421 882 bonos
2467 817 2734 883 laudare
2785 817 3170 901 frequentes.

1891 1230 1975 1293 X.
2028 1229 2475 1296 INVITATIO
2521 1230 2639 1295 AD
2685 1231 3053 1296 PAVLVM.

1516 1400 1585 1464 Si
1630 1421 1758 1484 qua
1802 1400 1964 1466 fides
2010 1401 2194 1466 falsis
2240 1422 2540 1486 umquam
2588 1411 2687 1468 est
2732 1403 3101 1470 adhibenda
3147 1405 3352 1489 poetis
4005 1426 4104 1476 399

1686 1525 1807 1569 nec
1851 1506 2104 1590 plasma
2150 1526 2405 1590 semper
2447 1506 2772 1585 adlinunt,
4020 1514 4101 1575 (ω)

1513 1607 1749 1690 Paule,
1804 1608 2228 1674 Camenarum
2277 1609 2691 1675 celeberrime
2737 1610 3169 1676 Castaliarum

1685 1713 1945 1778 alumne
1991 1712 2342 1795 quondam,
2395 1733 2564 1778 nunc
2607 1720 2791 1796 pater

1379 1835 1405 1874 5
1512 1822 1624 1879 aut
1667 1834 1829 1880 avus
1875 1821 1989 1881 aut
2032 1815 2288 1900 proavis
2335 1816 2684 1899 antiquior,
2740 1825 2810 1883 ut
2854 1816 2976 1882 fuit
3021 1817 3169 1882 olim

1683 1918 2120 1984 Tartesiorum
2167 1919 2463 2001 regulus,

1510 2022 1888 2088 intemerata
1934 2021 2051 2087 tibi
2096 2028 2400 2087 maneant
2441 2021 2761 2107 promissa
2805 2031 3145 2089 memento.

1683 2125 1984 2190 Phoebus
2029 2125 2209 2191 iubet
2252 2145 2475 2190 verum
2522 2126 2720 2209 loqui.

1508 2228 1631 2293 etsi
1677 2227 1922 2293 Pierias
1969 2228 2210 2313 patitur
2254 2229 2446 2294 lirare
2494 2249 2775 2311 sorores,

1343 2352 1401 2392 ιο
1681 2353 2026 2415 numquam
2073 2332 2216 2417 ipse
2262 2339 2515 2417 torquet
2560 2325 2820 2398 αὔλακα.

1506 2440 1569 2500 te
1616 2454 1870 2517 quoque
1915 2456 1997 2501 ne
2043 2436 2265 2520 pigeat
2308 2437 2648 2522 consponsi
2695 2437 3008 2503 foederis:
3064 2445 3127 2502 et
3170 2437 3299 2502 iam

1683 2538 1848 2603 citus
1894 2538 2042 2604 veni
2087 2559 2261 2604 remo
2309 2548 2422 2604 aut
2474 2547 2643 2621 rota,

1506 2642 1803 2724 aequoris
1850 2642 2077 2707 undosi
2124 2664 2251 2726 qua
2297 2644 2725 2728 multiplicata
2770 2662 3033 2709 recursu

1678 2745 2011 2811 Garumna
2056 2753 2323 2830 pontum
2372 2755 2711 2832 provocat,

1340 2870 1398 2909 ιε
1505 2854 1615 2912 aut
1659 2848 2030 2914 iteratarum
2077 2869 2205 2932 qua
2247 2850 2472 2932 glarea
2518 2851 2665 2915 trita
2709 2851 2956 2916 viarum

1680 2952 1803 3017 fert
1847 2953 2188 3018 militarem
2234 2953 2322 3018 ad
2367 2953 2684 3018 Blaviam.

1506 3074 1622 3120 nos
1668 3055 1902 3121 etenim
1950 3056 2174 3141 primis
2220 3062 2509 3123 sanctum
2555 3065 2698 3141 post
2750 3057 2997 3141 pascha
3040 3056 3270 3123 diebus

1679 3179 1946 3226 avemus
1993 3180 2219 3244 agrum
2267 3159 2499 3226 visere.

1504 3282 1654 3327 nam
1699 3263 1919 3346 populi
1967 3271 2189 3329 coetus
2235 3270 2300 3330 et
2345 3265 2624 3349 compita
2670 3264 2929 3329 sordida
2975 3264 3130 3329 rixis

1334 3385 1394 3427 πο
1675 3366 2083 3433 fastidientes
2128 3367 2451 3432 cernimus

1502 3477 1813 3553 angustas
1860 3470 2107 3536 fervere
2152 3471 2294 3536 vias
2341 3479 2405 3535 et
2449 3491 2769 3555 congrege
2817 3473 3005 3554 volgo

1674 3594 1912 3639 nomen
1956 3575 2212 3657 plateas
2259 3574 2551 3658 perdere.

1501 3676 1761 3742 turbida
1804 3677 2128 3760 congestis
2174 3677 2472 3743 referitur
2517 3677 2781 3743 vocibus
2827 3678 3010 3743 echo:

1683 3785 1899 3864 ‘tene‚
1953 3779 2107 3861 feri,
2164 3780 2322 3862 duc,
2378 3781 2489 3862 da,
2545 3785 2754 3862 cave'‚

1330 3903 1392 3944 25
1499 3902 1610 3948 sus
1654 3884 1971 3949 lutulenta
2016 3885 2212 3967 fugit,
2264 3884 2529 3949 rabidus
2575 3885 2756 3950 canis
2802 3885 3041 3970 impete
3088 3905 3282 3951 saevo

1670 3995 1734 4053 et
1778 3988 2056 4073 impares
2102 3989 2392 4073 plaustro
2436 3989 2658 4054 boves,

1496 4111 1615 4156 nec
1659 4092 1921 4175 prodest
1966 4093 2295 4177 penetrale
2344 4093 2570 4158 domus
2617 4099 2681 4157 et
2726 4100 2946 4177 operta
2991 4094 3240 4158 subire:

1668 4216 1783 4280 per
1825 4202 1995 4262 tecta
2040 4196 2356 4262 clamores
2401 4204 2638 4261 meant.

1495 4298 1659 4364 haec
1703 4305 1768 4364 et
1811 4319 1978 4384 quae
2024 4307 2295 4385 possunt
2340 4299 2632 4383 placidos
2679 4299 3006 4365 offendere
3051 4319 3259 4367 mores

1326 4422 1385 4462 :30
1668 4410 1903 4486 cogunt
1947 4403 2222 4486 relinqui
2268 4403 2558 4484 moenia,

995 4728 1062 4778 49
1088 4746 1161 4793 sq.
1205 4733 1324 4781 Hor.
1369 4734 1471 4781 Sat.
1517 4735 1566 4781 11
1604 4732 1655 4792 2,
1695 4732 1761 4782 60
1788 4748 1863 4794 sq.
1905 4736 2092 4796 repotia
2130 4736 2387 4782 natalesve
2424 4736 2613 4783 aliosve
2650 4735 2843 4783 dierum
2883 4738 3035 4783 festos

991 4816 1059 4866 X.
1136 4817 1166 4866 2
1202 4819 1363 4867 Paull.
1406 4820 1527 4867 Pell.
1570 4834 1718 4867 carm.
1763 4821 1905 4870 euch.
1950 4820 2014 4868 73
2055 4822 2295 4882 plasmata
2333 4822 2535 4869 Homeri
2769 4822 2799 4869 5
2841 4821 2932 4869 Sil.
2976 4823 3086 4871 Ital.
3128 4822 3202 4870 111
3242 4821 3338 4871 397
3378 4836 3467 4870 rex
3507 4823 3701 4883 proavis
3739 4823 3840 4870 suit
3873 4822 4082 4871 humani

819 4903 1098 4952 ditissimus
1136 4908 1246 4953 aevi
1526 4905 1589 4955 25
1618 4920 1693 4967 sq.
1737 4906 1854 4955 Hor.
1900 4906 2062 4968 Epist.
2108 4908 2152 4955 11
2193 4907 2239 4969 2,
2284 4907 2350 4956 74
2376 4922 2451 4969 sq.
2493 4909 2662 4955 tristia
2699 4909 2912 4955 robustis
2950 4909 3204 4955 luctantur
3241 4910 3419 4956 funera
3453 4909 3719 4970 plaustris,
3762 4909 3853 4956 hac
3889 4911 4083 4957 rabiosa

818 4989 951 5050 fugit
985 4992 1141 5050 canis,
1183 4991 1274 5039 hnc
1310 4993 1563 5041 lutulenta
1600 4994 1705 5040 ruit
1741 5006 1827 5040 sus

822 5173 1517 5182 ——quffi
1578 5177 1642 5182 μ

988 5304 1053 5352 50
1093 5307 1307 5365 reportia
1350 5305 1393 5352 V
1423 5318 1548 5352 corr.
1590 5303 1756 5364 Luyd.
1973 5303 2031 5351 51
2071 5306 2201 5352 bono
2246 5305 2298 5362 V,
2339 5306 2492 5351 bonos
2530 5305 2764 5351 Heinsius
2800 5308 2846 5351 et
2885 5301 3083 5351 Gronov

987 5389 1054 5437 X.
1129 5391 1349 5438 Imitatio
1386 5392 1447 5438 ad
1485 5393 1757 5452 paulinum
1798 5389 1855 5436 Μ
2066 5392 2081 5438 l
2131 5404 2353 5452 unquam
2394 5390 2509 5452 ΜΕ,
2549 5405 2808 5451 nunquam
2855 5391 3147 5451 (numquam
3188 5389 3242 5451 Τ)
3282 5394 3373 5437 cet.
3589 5388 3619 5437 3
3658 5403 4004 5438 camoenarum
4043 5389 4083 5436 T

814 5476 845 5524 5
883 5489 1101 5537 proauus
1140 5492 1201 5537 ω,
1242 5479 1440 5540 proavis
1486 5475 1628 5526 Vm.⁴
1855 5476 1886 5524 6
1922 5478 2205 5537 regulorum
2248 5477 2289 5523 T
2515 5476 2576 5525 10
2615 5491 2878 5537 nunquam
2925 5476 2966 5522 T
3189 5477 3379 5523 auliaco
3411 5489 3518 5536 mu,
3560 5476 3720 5523 aulica
3754 5480 3867 5534 cet„
3908 5476 4078 5524 aulaea

811 5561 972 5622 Luyd.
1215 5563 1270 5612 11
1312 5567 1461 5625 pigea
1504 5565 1546 5611 T
1772 5564 2037 5625 conspensl
2074 5577 2165 5624 per
2202 5563 2290 5610 hoc
2326 5563 2485 5611 ederis
2522 5568 2573 5611 et
2607 5563 2704 5610 iam
2744 5560 2800 5607 M
3032 5560 3093 5610 12
3129 5575 3263 5609 rome
3303 5559 3361 5607 M
3601 5560 3663 5610 14
3699 5575 3920 5610 carunna
3958 5562 4015 5609 M

808 5657 989 5717 potum
1036 5651 1077 5698 T
1308 5651 1366 5698 17
1408 5657 1635 5699 sanctum
1678 5650 1719 5697 T
1761 5652 1813 5712 (u
1851 5665 1909 5697 επ
1946 5651 1991 5710 a)
2226 5664 2376 5711 pasca
2413 5665 2455 5696 ω
2690 5647 2750 5696 21
2793 5649 2962 5695 feruor
3003 5648 3045 5694 Τ
3277 5662 3543 5710 cumgrege
3587 5647 3705 5694 ΤυΕ
3930 5649 4072 5708 uolgo

812 5739 930 5801 ΜΕ,
967 5739 1123 5798 uulgo
1158 5742 1245 5785 cet.
1462 5736 1526 5785 23
1566 5739 1713 5785 eccho
1759 5737 1799 5782 T
2005 5736 2070 5785 25
2109 5750 2287 5784 scaeuo
2334 5736 2375 5781 Τ
2581 5735 2646 5784 28
2683 5750 2773 5797 per
2812 5741 2980 5796 saepta
3018 5738 3281 5783 Ace-unius
