4630 6435
829 422 955 484 XII
2217 422 2677 476 PROOEMIVM.

828 646 1218 730 explicanda
1265 653 1447 727 sunt,
1516 653 1585 712 ut
1629 654 1987 713 statuamus
2034 669 2114 714 ex
2162 648 2457 733 epistulis
2504 648 2772 713 Ausonii
2820 669 3011 712 unam
3058 669 3183 713 non
3230 648 3293 712 in
3342 648 3594 713 Paulini
3643 649 3898 713 venisse
3945 668 4081 711 ma-

826 786 980 846 nuS,
1036 767 1346 847 alteram,
1400 788 1590 849 quam
1639 768 1750 832 ille
1796 776 2161 853 acceperat,
2229 774 2583 853 temporum
2629 768 2866 832 iniuria
2911 767 3093 833 nobis
3141 773 3425 852 ereptam
3474 787 3639 833 esse.
3735 789 3812 833 ac
3857 768 4083 833 viden-

826 894 929 951 tur
974 886 1270 969 singulae
1318 887 1635 971 epistulae
1682 887 1773 953 ita
1816 888 1983 952 inter
2027 909 2097 954 se
2143 888 2514 972 excepisse,
2583 895 2653 953 ut
2697 889 2894 967 duas,
2956 887 3035 952 de
3083 887 3311 970 quibus
3356 889 3544 953 modo
3592 888 3788 953 locuti
3834 907 4071 964 sumus,

829 1012 1200 1089 sequeretur
1230 1007 1478 1084 XXIII,
1535 1008 1698 1072 hanc
1731 1008 2008 1072 XXIIII.
2090 1029 2240 1072 num
2288 1017 2501 1074 autem
2547 1009 2613 1073 in
2659 1008 2775 1085 eis,
2830 1028 2993 1091 quae
3039 1008 3124 1073 ad
3169 1028 3285 1073 nos
3331 1029 3454 1073 non
3501 1015 3952 1094 pervenerunt,
4005 1028 4080 1072 ea

829 1127 1068 1211 scripta
1113 1127 1381 1208 fuerint,
1450 1149 1614 1210 quae
1674 1128 1850 1212 apud
1899 1129 2231 1195 Paulinum
2280 1131 2582 1212 leguntur
2626 1151 2686 1192 v.
2749 1132 2866 1192 103
2924 1128 3024 1209 [cf.
3078 1129 3328 1213 Peiper.
3384 1132 3574 1213 326),
3644 1151 3763 1212 ego
3824 1128 4077 1212 quidem

828 1247 1081 1318 dubito:
1137 1247 1298 1312 nihil
1345 1248 1524 1312 aliud
1570 1248 1737 1312 enim
1785 1249 1885 1313 his
1931 1249 2146 1314 verbis
2191 1248 2547 1313 continetur
2591 1249 2713 1312 nisi
2762 1268 3002 1330 eorum,
3055 1269 3220 1331 quae
3265 1249 3331 1314 in
3366 1250 3669 1314 carminis
3702 1248 3880 1313 initio
3913 1248 4083 1314 dicta

828 1371 993 1446 sunt,
1047 1367 1363 1450 repetitio,
1444 1387 1652 1451 neque
1698 1368 2038 1451 quicquam
2086 1369 2409 1433 lucramur
2454 1389 2534 1432 ex
2580 1367 2896 1452 epistulae
2943 1369 3171 1432 XXIII
3216 1369 3284 1434 in
3330 1370 3550 1435 codice
3598 1368 3913 1434 Vossiano
3966 1372 4071 1430 111

826 1485 1268 1571 inscriptione,
1335 1486 1403 1551 in
1462 1508 1590 1569 qua
1634 1487 1800 1552 illud
1851 1488 2180 1553 ‘subinde’
2229 1488 2371 1553 sine
2419 1488 2614 1553 dubio
2662 1490 2962 1553 haustum
3009 1495 3109 1554 est
3153 1510 3233 1553 ex
3279 1489 3482 1572 primo
3528 1489 3719 1554 huius
3765 1487 4080 1572 epistulae

828 1607 1022 1672 verbo
1076 1608 1451 1673 ‘Proxima’.
1548 1609 1665 1673 sed
1709 1608 1839 1672 iam
1884 1609 2271 1674 accedamus
2317 1610 2402 1674 ad
2447 1610 2715 1674 alteram
2748 1609 2999 1675 Paulini
3049 1609 3392 1693 epistulam
3449 1611 3724 1693 (carmen
3757 1610 3905 1693 XI),
3958 1629 4081 1692 qua

827 1747 973 1793 eum
1034 1729 1449 1812 respondisse
1493 1729 1761 1793 Ausonii
1822 1730 2175 1814 epistulae,
2246 1751 2411 1814 quae
2470 1730 2536 1794 in
2600 1730 2719 1794 hac
2778 1729 3057 1795 editione
3104 1737 3203 1796 est
3246 1730 3555 1795 vicesima
3596 1730 3851 1814 quinta,
3919 1729 4082 1795 inter

828 1867 1050 1914 omnes
1083 1857 1350 1913 constat.
1430 1870 1577 1913 nam
1625 1871 1727 1913 vv.
1785 1855 1842 1931 4,
1898 1853 1999 1930 30,
2056 1853 2158 1930 32,
2215 1852 2318 1930 34,
2376 1853 2455 1912 39
2490 1869 2585 1932 sq.
2640 1849 3061 1932 designantur
3106 1851 3325 1932 verba,
3379 1851 3610 1933 quibus
3653 1851 3720 1916 in
3766 1849 4078 1934 epistulae

829 1987 987 2032 suae
1033 1967 1214 2032 initio
1260 1987 1413 2033 usus
1458 1976 1556 2034 est
1600 1969 1945 2052 Ausonius,
2003 1976 2196 2052 atque
2242 1970 2307 2033 in
2354 1969 2576 2054 primis
2621 1969 2739 2034 illa
2782 1970 2864 2033 ab
2911 1971 3097 2053 equis
3140 1970 3470 2053 iugalibus
3516 1970 3857 2054 desumpta
3903 1969 4076 2033 simi-

824 2087 1046 2152 litudo.
1143 2088 1262 2152 has
1323 2088 1518 2171 igitur
1562 2089 1830 2154 Ausonii
1886 2096 1950 2155 et
1993 2088 2247 2154 Paulini
2309 2089 2623 2173 epistulas
2672 2088 2943 2154 Ebertus
2990 2097 3054 2155 et
3097 2091 3405 2174 Peiperus
3451 2099 3602 2156 ante
3649 2096 3929 2168 ceteras,
3998 2087 4078 2154 de

823 2207 1056 2290 quibus
1116 2209 1302 2274 modo
1361 2210 1555 2274 locuti
1613 2229 1864 2290 sumuS,
1937 2209 2322 2294 compositas
2380 2230 2526 2276 esse
2587 2216 2894 2275 statuunt.
2990 2211 3109 2277 sed
3168 2233 3319 2276 num
3381 2219 3449 2276 tu
3493 2217 3683 2295 putas
3728 2208 4077 2276 Ausonium

824 2328 1037 2393 statim
1085 2330 1151 2393 in
1197 2330 1471 2395 amicum
1521 2338 1878 2396 cessantem
1927 2331 2057 2396 tam
2103 2330 2355 2397 acerbis
2402 2330 2589 2396 dictis
2633 2331 2957 2396 invectum
3004 2352 3169 2413 esse,
3224 2352 3490 2415 quorum
3537 2331 3879 2397 duritatem
3911 2332 4081 2395 Pau-

823 2449 1023 2527 linuS,
1095 2448 1246 2513 dum
1291 2451 1496 2515 amico
1542 2452 1917 2535 respondet,
1982 2459 2111 2515 tam
2157 2451 2442 2533 graviter
2486 2450 2897 2533 conqueritur
2950 2455 3034 2534 (v.
3088 2454 3149 2534 5)
3182 2455 3283 2534 ¹⁴¹).
3378 2459 3444 2516 et
3487 2472 3609 2534 quo
3657 2470 3899 2533 quaeso
3943 2451 4078 2514 loco

820 2569 890 2633 in
932 2569 1050 2633 illa
1078 2569 1346 2634 Ausonii
1391 2570 1673 2654 epistula
1718 2570 2115 2654 significatur
2158 2569 2590 2635 intermissum
2637 2590 2783 2635 esse
2828 2572 2913 2637 ab
2958 2570 3164 2636 amico
3210 2571 3567 2637 litterarum
3601 2571 4081 2636 commercium?

822 2694 891 2753 at
952 2694 1122 2754 certe
1181 2689 1552 2773 priusquam
1597 2691 1921 2757 Ausonius
1984 2691 2346 2756 discussum
2392 2710 2537 2756 esse
2583 2691 2827 2757 diceret
2870 2691 3192 2758 amicitiae
3237 2691 3597 2773 vinculum,
3667 2690 3945 2757 debebat
3985 2691 4081 2755 le-

820 2806 1110 2873 nioribus
1157 2810 1248 2875 uti
1294 2811 1544 2891 verbis,
1612 2813 1910 2896 querelas
1953 2812 2166 2878 iacere
2212 2811 2292 2877 de
2338 2811 2635 2877 diuturno
2680 2813 2869 2878 amici
2916 2812 3169 2878 silentio
3192 2864 3206 2893 ,
3275 2812 3510 2878 blande
3557 2812 3898 2895 obiurgare
3944 2829 4082 2876 ces-

822 2936 1091 3012 santem,
1145 2952 1313 3013 quae
1358 2932 1572 2998 omnia
1615 2933 1682 2998 in
1727 2933 2022 3017 epistulis
2069 2932 2296 2997 XXIII
2343 2939 2408 2997 et
2455 2934 2714 2997 XXIIII
2760 2933 3184 3014 inveniuntur,
3243 2933 3309 2998 in
3342 2934 3528 2997 XXV
3573 2954 3655 2998 ne
3700 2933 3895 2997 verbo
3940 2931 4081 3014 qui-

823 3050 968 3116 dem
1027 3061 1615 3118 commemorantur.
1711 3052 1882 3118 adde
1939 3053 2112 3135 quod
2173 3073 2289 3119 nec
2348 3053 2416 3117 in
2464 3053 2716 3117 Paulini
2779 3073 3085 3137 responso
3132 3054 3269 3118 ulla
3319 3060 3495 3118 extat
3541 3053 3921 3118 cessationis
3968 3072 4082 3117 ex-

823 3171 1100 3251 cusati03
1169 3192 1318 3238 nam
1370 3193 1538 3257 quae
1598 3174 1895 3256 leguntur
1950 3173 2016 3238 in
2063 3193 2166 3238 vv.
2222 3176 2260 3235 2
2293 3192 2392 3255 sq.
2469 3173 2932 3257 placitamque
2994 3173 3257 3239 latebris
3321 3173 3637 3239 desidiam
3684 3172 4074 3257 exprobras',

823 3313 903 3358 ea
963 3298 1259 3377 spectant
1319 3293 1551 3375 vitam,
1617 3314 1810 3376 quam
1856 3301 1989 3359 tum
2035 3294 2346 3359 Paulinus
2393 3294 2632 3375 agebat
2674 3294 2758 3358 ab
2804 3293 3130 3358 hominum
3179 3300 3361 3359 coetu
3408 3301 3716 3360 remotam
3761 3301 3953 3377 atque
3997 3293 4081 3358 ab

823 3413 1099 3495 negotiis
1145 3414 1420 3498 publicis
1465 3414 1947 3498 litterarumque
1993 3414 2224 3480 studiis
2269 3413 2589 3495 alienam,
2659 3421 2724 3479 et
2768 3416 2894 3495 eis,
2962 3436 3128 3498 quae
3172 3414 3594 3496 antecedunt,
3670 3413 4083 3479 ‘Continuata

823 3556 1007 3601 meae
1053 3535 1285 3602 durare
1331 3536 1590 3602 silentia
1635 3536 1898 3619 linguae
1943 3544 2006 3601 te
2051 3555 2402 3617 numquam
2447 3535 2643 3601 tacito
2689 3539 3027 3601 memoras'
3079 3535 3240 3601 nihil
3284 3535 3410 3601 nisi
3440 3536 3870 3617 querelarum,
3923 3553 4081 3617 quas

822 3655 889 3720 in
938 3654 1252 3738 prioribus
1296 3656 1524 3721 litteris
1568 3656 1890 3722 Ausonius
1936 3655 2209 3738 fuderat,
2261 3656 2432 3722 inest
2473 3656 2872 3739 significatio.
2958 3663 3127 3721 certe
3175 3676 3299 3720 non
3346 3657 3414 3720 in
3444 3655 3585 3738 hac,
3640 3655 3755 3719 sed
3784 3655 3851 3720 in
3882 3656 4083 3720 altera

823 3774 1106 3858 epistula
1150 3776 1458 3840 Paulinus
1502 3776 1584 3839 de
1631 3795 1745 3857 ea,
1811 3797 2005 3859 quam
2051 3777 2394 3860 amplexus
2439 3783 2606 3855 erat,
2674 3774 2848 3840 vitae
2894 3775 3141 3840 ratione
3187 3775 3488 3859 exposuit
3529 3795 3607 3840 ac
3650 3774 3886 3858 quibus
3932 3794 4082 3839 cau-

824 3894 914 3959 sis
972 3894 1291 3959 adductus
1350 3903 1556 3976 esset,
1625 3901 1694 3960 ut
1744 3896 1910 3961 hanc
1965 3895 2351 3977 praeferret,
2419 3894 2791 3978 explicavit.
2885 3916 3053 3978 quae
3116 3915 3258 3960 cum
3310 3895 3403 3961 ita
3448 3894 3606 3975 sint,
3673 3893 4081 3960 statuendum

824 4021 923 4079 est
954 4015 1329 4096 Ausonium,
1383 4036 1525 4081 cum
1573 4022 1718 4100 post
1759 4022 2056 4098 quattuor
2098 4016 2348 4081 litteras
2393 4015 2479 4079 ad
2524 4014 2802 4079 amicum
2849 4022 3215 4082 cessantem
3261 4017 3491 4081 missas
3538 4016 3900 4099 accepisset
3941 4020 4083 4078 tan-

824 4135 971 4201 dem
1018 4154 1415 4219 responsum,
1468 4136 1639 4218 quod
1685 4136 1966 4202 carmine
1997 4137 2059 4201 X
2107 4136 2485 4215 continetur,
2538 4155 2944 4218 nequaquam
2991 4156 3068 4201 eo
3114 4137 3422 4202 laetatum
3471 4155 3632 4215 esse,
3690 4135 3807 4201 sed
3852 4155 4079 4219 aeger—

825 4256 984 4322 rime
1028 4256 1194 4321 adeo
1238 4254 1467 4322 tulisse
1511 4256 1722 4337 amici,
1775 4257 1885 4340 qui
1929 4258 2016 4323 ad
2058 4256 2392 4341 pristinam
2438 4256 2637 4320 vitam
2684 4275 2754 4321 se
2800 4256 3153 4321 rediturum
3199 4276 3347 4322 6886
3393 4256 3753 4340 praefracte
3784 4260 4074 4338 negaret,

824 4377 1316 4443 recusationem.
1413 4382 1785 4461 speraverat
1844 4376 2014 4441 enim
2074 4375 2259 4442 suavi
2319 4375 2675 4440 litterarum
2732 4376 3107 4441 commercio
3169 4376 3457 4441 instituto
3504 4394 3574 4441 se
3620 4375 3891 4440 Paulino
3936 4394 4083 4459 per-

825 4516 1162 4563 suasurum
1225 4516 1404 4576 esse,
1470 4504 1540 4562 ut
1584 4495 1902 4580 Hispania
1961 4496 2188 4562 relicta
2233 4494 2651 4578 Burdigalam
2709 4494 2794 4560 ad
2855 4515 3004 4561 suos
3065 4502 3507 4561 reverteretur.
3604 4515 3734 4576 qua
3793 4513 3908 4579 spe
3969 4493 4085 4559 de-

825 4618 1064 4699 iectus,
1132 4638 1276 4682 cum
1334 4617 1516 4682 illum
1574 4617 1641 4682 in
1701 4616 2020 4682 sententia
2076 4635 2193 4680 sua
2251 4615 2551 4700 vitaeque
2613 4615 2882 4681 consilio
2945 4635 3360 4699 perseverare
3416 4615 3886 4694 intellexisset,
3956 4614 4081 4678 iam

826 4739 1191 4805 fortioribus
1238 4737 1540 4803 remediis
1586 4737 1890 4803 utendum
1935 4756 2081 4802 esse
2125 4741 2301 4802 ratus
2348 4736 2605 4821 scripsit
2649 4736 2998 4821 epistulam
3044 4736 3419 4801 vicesimam
3465 4736 3783 4819 quintam,
3838 4755 3969 4816 qua
4012 4753 4082 4798 se

829 4859 1264 4945 praecisarum
1324 4879 1470 4925 esse
1525 4857 1873 4922 amicitiam
1934 4856 2214 4921 minatus
2272 4863 2404 4938 est,
2470 4856 2593 4921 nisi
2652 4862 2895 4922 mutato
2956 4855 3221 4920 consilio
3267 4855 3522 4919 domum
3569 4855 3868 4920 rediisset
3911 4856 4082 4918 Pau-

828 4978 998 5043 linus
1056 4998 1253 5060 seque
1308 4977 1535 5043 amicis
1595 4977 1730 5042 suis
1774 4976 2186 5043 reddidisset.
2282 4976 2387 5041 cui
2433 4977 2787 5061 epistulae,
2854 4995 3048 5057 quam
3093 4996 3134 5039 a
3179 4975 3484 5039 minando
3531 4993 3713 5039 orsus
3759 4973 4084 5038 Ausonius

829 5098 1137 5184 paulatim
1197 5099 1283 5163 ad
1341 5118 1656 5163 summam
1716 5096 1950 5161 amoris
2011 5102 2075 5161 et
2119 5095 2427 5162 desiderii
2473 5095 3005 5179 significationem
3053 5094 3371 5176 traduxit,
3439 5114 3580 5158 cum
3630 5093 3938 5157 Paulinus
3982 5112 4085 5157 re-

830 5220 1196 5304 spondisset
1238 5218 1517 5283 carmine
1562 5219 1691 5297 XI,
1745 5217 1813 5280 in
1859 5237 1982 5299 quo
2030 5223 2100 5281 ut
2144 5236 2394 5281 summa
2438 5217 2577 5281 eius
2622 5216 2688 5280 in
2735 5215 3084 5279 Ausonium
3134 5214 3340 5298 pietas
3386 5213 3628 5294 elucet,
3693 5214 3787 5279 ita
3831 5210 4083 5278 stabilis

1007 5546 1086 5608 14)
1128 5549 1424 5610 Ausonium,
1466 5563 1577 5596 cum
1615 5549 1668 5596 tn
1704 5548 1949 5609 epistulae
1985 5547 2161 5594 XXIII
2202 5563 2248 5595 v.
2279 5547 2308 5592 3
2347 5546 2479 5593 dixit
2519 5546 2729 5593 ‘blanda
2764 5543 3084 5604 obiurgatio',
3129 5543 3413 5603 respexISSe
3450 5541 3717 5602 epistulam
3749 5540 3912 5601 XXV,
3954 5539 4085 5601 quod

830 5635 1071 5695 Peiperus
1106 5649 1158 5695 p.
1199 5632 1296 5681 327
1336 5635 1583 5695 opinatur,
1625 5636 1688 5681 ab
1725 5635 1862 5682 omni
1898 5633 2004 5680 veri
2041 5633 2210 5696 specie
2246 5632 2490 5681 abhorret.
2568 5632 2617 5678 id
2654 5631 2785 5695 quod
2821 5630 2919 5678 iam
2956 5643 3020 5676 ex
3058 5643 3145 5689 eo,
3188 5628 3319 5689 quod
3357 5627 3600 5676 Paulinus
3636 5627 3697 5674 de
3735 5627 3826 5674 hac
3863 5626 4085 5689 epistula

830 5723 963 5780 tulit,
1007 5720 1194 5770 iudicio
1233 5721 1380 5770 facile
1415 5720 1751 5782 Intellegitur.
