4630 6435
751 428 833 487 62

2221 422 2527 475 AVSONII

1380 786 1447 847 9.
1497 784 2090 849 GRAMMATICIS
2138 784 2506 848 GRAECIS
2555 782 3375 847 BVRDIGALENSIBVS.

1626 973 1963 1037 Romulum
2010 981 2152 1057 post
2195 973 2310 1037 hos
2357 971 2535 1056 prius
2581 993 2664 1035 an
2713 970 3037 1051 Corinthi,

1624 1096 1791 1141 anne
1837 1076 2143 1161 Sperchei
2190 1076 2554 1160 pariterque
2601 1074 2737 1139 uati

1625 1180 1873 1245 Atticas
1922 1200 2139 1245 musas
2185 1200 2530 1245 memorem
2579 1179 2935 1244 Menesthei

1885 1284 2440 1367 grammaticorum
2460 1290 2487 1345 ·?

1493 1512 1518 1548 ⁵
1627 1489 1922 1555 sedulum
1969 1490 2213 1555 cunctis
2259 1488 2541 1554 studium
2590 1488 2893 1565 docendi,

1628 1592 1870 1658 fructus
1917 1593 2104 1658 exilis
2150 1593 2488 1675 tenuisque
2536 1611 2774 1665 serm0‚

1627 1703 1725 1761 set
1767 1696 1922 1779 quia
1970 1702 2183 1761 nostro
2230 1697 2504 1761 docuere
2550 1694 2615 1759 in
2660 1716 2821 1759 aevo

1886 1798 2445 1864 commemorandi.

1624 2005 1849 2070 tertius
1896 2006 2118 2069 horum
2167 2004 2323 2068 mihi
2371 2025 2494 2069 non
2542 2004 2885 2087 magister:

1464 2130 1518 2169 ιο
1627 2107 1822 2174 ceteri
1867 2108 2090 2194 primis
2137 2108 2410 2174 docuere
2455 2107 2523 2171 in
2568 2107 2791 2187 annm,

1625 2232 1706 2277 ne
1753 2212 1952 2277 forem
1998 2232 2222 2277 vocum
2268 2212 2446 2276 rudis
2492 2217 2604 2276 aut
2648 2210 2989 2295 loquendi,

1885 2321 1983 2380 set
2028 2314 2166 2380 sine
2211 2315 2426 2380 cultu:

1628 2523 1875 2589 obstitit
1915 2529 2170 2587 nostrae
2216 2522 2368 2603 quia
2413 2521 2604 2587 credo
2650 2522 2883 2587 mentis

1627 2626 1868 2692 tardior
1913 2645 2142 2690 sensus
2186 2645 2397 2708 neque
2443 2625 2803 2709 disciplinis

1466 2749 1522 2788 ιδ
1628 2729 1881 2813 appulit
1925 2727 2190 2794 Graecis
2235 2728 2505 2812 puerilis
2550 2728 2697 2794 aevi

1890 2831 2123 2896 noxius
2169 2851 2362 2896 error.

1634 3057 1746 3104 vos
1794 3038 1957 3104 levis
2003 3056 2272 3122 caespes
2320 3044 2499 3121 tegat
2542 3045 2608 3103 et
2651 3038 2931 3122 sepulcri

1633 3147 1805 3207 tecta
1850 3140 2198 3207 defendant
2244 3140 2493 3206 cineres
2539 3148 2792 3226 opertos

1635 3266 1710 3310 ac
1756 3265 1940 3310 meae
1985 3244 2161 3310 vocis
2206 3244 2435 3310 titulus
2483 3264 2844 3329 supremum

1468 3367 1528 3406 20
1894 3348 2127 3414 reddat
2172 3349 2499 3413 honorem.

3705 991 3800 1039 198
3845 992 4001 1049 (vm)

1108 3707 1214 3773 lo.
1261 3707 1643 3774 IVCVNDO
1692 3707 2259 3773 GRAMMATICO
2307 3707 2946 3773 BVRDIGALENSI
2991 3708 3303 3773 FRATRI
3352 3707 3691 3773 LEONTI.

1435 3899 1514 3964 Et
1558 3904 1651 3974 te,
1708 3918 1896 3980 quem
1943 3895 2314 3961 cathedram
2362 3903 2603 3962 temere
2649 3915 2993 3981 usurpasse
3040 3897 3331 3962 locuntur

1604 4021 1835 4065 nomen
1878 3999 2278 4083 grammatici
2325 4019 2446 4065 nec
2489 3999 2800 4065 meruisse
2847 4006 3105 4084 putant,

1433 4123 1590 4169 voce
1636 4104 1816 4169 ciebo
1862 4109 2113 4184 tamen,
2169 4102 2481 4186 simpleX,
2534 4103 2733 4180 bone,
2788 4102 3025 4181 amice,
3080 4102 3354 4182 sodaliS‚

1608 4207 1933 4286 Iucunde,
1985 4207 2105 4271 hoc
2149 4206 2291 4289 ipso
2337 4225 2483 4271 care
2531 4205 2737 4288 magis
2785 4205 3022 4284 studio,

1302 4332 1326 4368 ⁵
1434 4310 1636 4393 quod,
1691 4310 1984 4394 quamvis
2030 4310 2270 4393 impar,
2328 4329 2557 4373 nomen
2603 4315 2734 4373 tam
2780 4309 2996 4375 nobile
3040 4309 3307 4389 amasti⁷

1607 4421 1671 4479 et
1715 4413 1973 4480 meritos
2019 4413 2186 4478 inter
2230 4413 2786 4477 commemorande
2832 4412 3023 4477 viros.

938 4723 1000 4778 9.
1077 4725 1094 4775 1
1140 4727 1260 4774 Hor.
1301 4724 1461 4773 Carm.
1504 4726 1526 4772 1
1568 4724 1647 4784 12,
1690 4724 1753 4772 33
1793 4726 2057 4773 Romulum
2096 4731 2209 4787 post
2245 4725 2333 4773 hos
2370 4727 2513 4786 prius
2551 4739 2612 4772 an
2652 4726 2882 4786 quietum

939 5014 999 5069 9.
1072 5019 1370 5066 Gramaticis
1407 5017 1579 5064 Grecis
1619 5018 2058 5077 Burdigalenstbns
2105 5019 2145 5065 V
2185 5019 2266 5079 (m.
2308 5024 2415 5068 ant.
2456 5024 2615 5067 metro
2640 5019 2820 5077 safflco)

767 5118 847 5152 me
884 5104 1063 5152 Hand

1276 5101 1337 5151 12
1375 5105 1541 5152 fructu
1580 5105 1827 5152 Baehrens

770 5187 830 5237 18
870 5193 1042 5249 saepta
1080 5190 1308 5238 Heinsius
1523 5189 1582 5238 19
1618 5199 1669 5238 at
1713 5191 1819 5237 Tou
1857 5192 1999 5250 volyo

944 5270 1044 5325 10·
1115 5277 1310 5334 graffiffi
1349 5277 1698 5336 Burdegnlesi*
1747 5277 1788 5323 V
1825 5278 1866 5336 (s
1903 5278 2059 5337 cras.)

767 5342 1107 5408 ct'imemoride
1152 5362 1193 5407 V
1226 5362 1274 5422 (e
1309 5362 1397 5410 alt.
1439 5377 1498 5410 ex
1533 5365 1551 5410 i
1590 5361 1681 5424 ⁷71²)

2042 5103 2100 5152 14
2139 5119 2333 5166 nequae
2378 5106 2418 5151 V

2207 5205 2532 5252 suppremum
2579 5191 2619 5236 V

2627 5103 2684 5151 15
2724 5104 2964 5165 puaerilis
3011 5103 3048 5149 V
3092 5103 3133 5163 (a
3165 5103 3262 5152 del.
3290 5101 3382 5163 m‘2)

2291 5278 2321 5326 5
2361 5279 2542 5339 quiuis
2589 5278 2627 5322 V
2662 5281 2712 5336 (u
2750 5278 2839 5324 alt.
2880 5291 2936 5324 ex
2973 5278 3020 5338 q)
3236 5276 3267 5322 6
3304 5277 3538 5324 emeritos

3690 3917 3784 3966 199
3826 3918 4018 3979 (vnn)

3038 5018 3069 5064 ὃ
3107 5017 3292 5064 οιίιῑὶε
3339 5017 3379 5063 V
3419 5017 3448 5079 (1
3477 5019 3627 5078 erae.)
3847 5018 3908 5066 10
3945 5014 4024 5083 in]

3601 5102 3658 5151 17
3699 5104 3951 5165 sepulchri
3988 5105 4029 5150 V

3589 5275 3630 5321 V
3659 5290 3779 5324 corr.
3818 5275 3950 5325 Scal.
