4630 6435
1839 447 2360 505 PROFESSOR‘ES
2415 450 2610 515 (XVI).
2806 478 2815 493 ι
3779 447 3862 511 67

1133 665 1157 702 5
1266 638 1490 704 auditu
1535 645 1726 704 tenus
1771 637 2131 722 acciperes,
2188 639 2427 704 deflata
2470 639 2783 723 placeret,

1268 741 1629 807 discussam
1675 741 1874 806 scires
1917 741 2109 806 solidi
2153 742 2317 807 nihil
2360 741 2552 808 edere
2598 760 2862 807 sensus:

1268 844 1608 910 Palladiae
1654 845 1929 929 primum
1975 851 2127 928 toga
2169 852 2232 911 te
2276 853 2584 911 venerata
2629 845 2903 910 Tolosae

1268 969 1415 1012 mox
1461 948 1708 1032 pepulit
1750 948 2017 1013 levitate
2062 949 2234 1032 pari:
2289 949 2508 1013 Narbo
2551 947 2707 1013 inde
2753 947 3017 1030 recepit.

1266 1050 1404 1116 illic
1448 1050 1774 1116 Dalmatio
1816 1051 2103 1133 genitoS‚
2156 1051 2387 1115 fatalia
2431 1071 2655 1133 regum
2726 1100 2731 1109 .

1103 1179 1158 1217 ιο
1266 1153 1557 1234 nomina,
1609 1160 1743 1217 tum
1790 1173 2024 1237 pueros
2068 1153 2301 1237 grandi
2347 1153 2644 1219 mercede
2690 1152 2962 1219 docendi

1268 1257 1557 1321 formasti
1602 1256 1817 1321 rhetor
1858 1264 2093 1322 metam
2142 1276 2341 1341 prope
2387 1257 2649 1340 puberis
2693 1257 2869 1340 aevi,

1269 1360 1660 1425 Caesareum
1708 1359 1816 1441 qui
1863 1380 2011 1425 mox
2057 1359 2305 1443 indepti
2349 1380 2615 1439 nomen,
2668 1360 2973 1425 honorem
3060 1440 3064 1445 Φ

1270 1462 1594 1546 praesidis
1641 1463 2128 1548 Hispanumque
2174 1463 2291 1527 tibi
2337 1463 2619 1529 tribuere
2663 1463 2967 1529 tribunal.

1271 1564 1596 1630 decedens
1641 1565 1933 1649 placidos
1979 1586 2187 1630 mores
2230 1567 2706 1650 tranquillaque
2750 1566 2923 1630 vitae

1105 1694 1160 1732 15
1269 1674 1559 1752 tempora
1602 1669 1942 1752 praedives
1986 1669 2185 1733 finisti
2231 1669 2385 1735 sede
2434 1668 2747 1734 Cadurca.

1269 1777 1367 1836 set
1411 1772 1658 1855 patriae
1704 1779 1767 1837 te
1812 1772 1954 1836 iura
1995 1780 2231 1838 vocant
2275 1780 2339 1837 et
2385 1773 2564 1855 origo
2608 1778 2983 1856 parentum,

1268 1873 1661 1957 Burdigalae
1708 1881 1778 1940 ut
1820 1894 2071 1939 rursum
2116 1895 2348 1941 nomen
2394 1876 2474 1941 de
2519 1876 2773 1942 rhetore
2816 1875 3077 1940 reddas.

911 2115 1021 2181 19.
1082 2114 1538 2179 MARCELLO
1584 2113 2022 2178 MARCELLI
2065 2115 2296 2181 FILIO
2345 2114 2914 2182 GRAMMATICO
2960 2081 3543 2179 NARBONENSI.

1271 2268 1408 2332 Nec
1453 2275 1517 2333 te
1563 2268 1867 2333 Marcello
1912 2268 2234 2352 genitum,
2287 2268 2629 2351 Marcelle,
2683 2269 2914 2347 sileb0,
3506 2278 3607 2329 208
3650 2280 3863 2341 {XVHU

1444 2390 1679 2455 aspera
1725 2391 1915 2452 quem
1961 2372 2255 2455 genetrix
2300 2373 2488 2453 urbe,
2545 2372 2731 2438 domo
2775 2373 3047 2457 pepulit.

1273 2480 1373 2538 set
1416 2472 1672 2538 fortuna
1716 2481 1944 2556 potens
1989 2475 2112 2540 cito
2157 2475 2442 2540 reddidit
2484 2475 2699 2541 omnia
2746 2484 2810 2541 et
2854 2476 3055 2542 auxit.

1446 2576 1754 2641 amissam
1799 2576 2072 2663 primum
2119 2578 2338 2644 Narbo
2385 2578 2564 2644 dedit
2605 2579 2906 2663 patriam.

1140 2707 1164 2743 5
1273 2678 1508 2743 nobilis
1554 2677 1658 2743 hic
1702 2678 1938 2763 hospes
1986 2680 2352 2746 Clarentius
2397 2680 2613 2746 indole
2659 2689 2866 2747 motus

1448 2782 1716 2865 egregia
1759 2789 1974 2847 natam
2023 2783 2321 2867 coniugio
2366 2783 2694 2849 adtribuit.

1275 2903 1423 2949 mox
1471 2884 1692 2949 schola
1736 2892 1800 2951 et
1842 2886 2096 2952 auditor
2139 2887 2379 2952 multus
2424 2894 2886 2971 praetextaque
2931 2890 3138 2973 pubes

1448 2989 1850 3070 grammatici
1894 3010 2126 3056 nomen
2171 2989 2559 3073 divitiasque
2607 2990 2804 3056 dedit.

1277 3098 1374 3155 set
1419 3112 1767 3173 numquam
1811 3092 2026 3174 iugem
2075 3112 2331 3157 cursum
2378 3093 2629 3158 fortuna
2674 3094 3015 3174 secundat,

1111 3222 1165 3260 ιο
1448 3195 1828 3279 praesertim
1877 3196 2059 3280 pravi
2103 3203 2339 3263 nancta
2384 3197 2591 3262 virum
2636 3197 2901 3281 ingenii.

1276 3318 1496 3363 verum
1545 3298 1876 3364 oneranda
1919 3300 2076 3364 mihi
2120 3321 2246 3365 non
2291 3307 2474 3383 sunt,
2528 3300 2946 3367 memoranda
2987 3302 3201 3385 recepi

1448 3401 1615 3466 fata:
1671 3409 1774 3467 sat
1817 3411 1917 3467 est
1961 3403 2203 3467 dictum
2249 3411 2480 3469 cuncta
2522 3404 2769 3489 perisse
2816 3405 3037 3486 simul,

1276 3525 1403 3569 non
1448 3511 1664 3570 tamen
1709 3511 1773 3571 et
1817 3526 2082 3584 nomen,
2136 3527 2260 3588 quo
2304 3513 2369 3572 te
2414 3528 2540 3572 non
2587 3507 2852 3589 fraudo,
2904 3516 3235 3591 receptum

1449 3606 1615 3672 inter
1658 3609 2111 3690 grammaticos
2157 3611 2529 3694 praetenuis
2575 3610 2812 3676 meriti.

1462 3845 1574 3912 20.
1635 3846 2024 3914 SEDATVS
2070 3849 2419 3915 RHETOR
2463 3849 2987 3915 TOLOSANVS.

1284 4000 1561 4085 Relligio
1608 4009 1740 4083 est,
1793 4003 2054 4069 tacitum
2102 4003 2158 4068 si
2202 4011 2300 4084 te,
2355 4004 2624 4086 Sedato,
2676 4004 3064 4087 relinquam,
3480 4015 3583 4065 209
3632 4018 3869 4076 (xv1111)

1452 4104 1748 4187 quamvis
1795 4105 2071 4171 docendi
2116 4126 2346 4171 munus
2390 4106 2650 4192 indepte
2699 4107 2832 4192 <es>
2882 4107 3061 4173 foris.
3446 4107 3469 4118 ⁸

1280 4208 1634 4272 communis
1680 4208 1891 4291 patria
1936 4216 2035 4274 est
2077 4215 2289 4274 tecum
2336 4210 2531 4275 mihi:
2583 4218 2752 4275 sorte
2796 4210 3075 4294 potentis

1452 4309 1569 4374 fati
1613 4310 1913 4375 Tolosam
1958 4318 2229 4376 nanctus
2275 4331 2346 4376 es
2393 4312 2611 4378 sedem
2659 4314 2939 4378 scholae.

1146 4438 1170 4474 ε.
1277 4412 1414 4478 illic
1458 4413 1826 4496 coniugium
1872 4413 2133 4497 natique
2178 4415 2579 4498 opulensque
2624 4423 2924 4482 senectus

1454 4523 1518 4581 et
1561 4516 1765 4595 fama,
1822 4537 2057 4600 magno
2103 4517 2314 4600 qualis
2361 4525 2461 4583 est
2504 4538 2624 4603 par
2667 4518 2928 4584 rhetori.

1280 4619 1577 4701 quamvis
1623 4626 1891 4685 externa
1933 4626 2150 4685 tamen
2195 4641 2236 4685 a
2278 4620 2543 4703 regione
2587 4621 2835 4686 reducit

1452 4729 1517 4787 te
1561 4722 1771 4806 patria
1816 4729 1880 4787 et
1924 4722 2129 4787 civem
2175 4731 2378 4789 morte
2424 4724 2600 4789 obita
2644 4724 2914 4808 repetit:

1279 4843 1549 4907 cumque
1592 4832 1937 4908 vagantem
1983 4845 2243 4909 operam
2289 4826 2539 4891 divisae
2584 4825 2958 4911 inpenderis
3004 4827 3185 4908 urbi,

1115 4950 1170 4989 ιο
1452 4928 1915 4992 arbitrium‘de
1959 4935 2022 4993 te
2069 4929 2261 4994 sumit
2307 4928 2485 5012 origo
2532 4949 2743 4993 suum.

785 5164 886 5219 20·
965 5170 984 5219 1
1029 5173 1178 5232 Verg.
1222 5171 1352 5219 Aen.
1393 5171 1462 5217 Vl
1503 5169 1597 5219 841
1641 5171 1754 5232 quis
1792 5176 1841 5218 te
1883 5205 1894 5218 .
1929 5207 1941 5219 .
1972 5208 1984 5219 .
2028 5172 2239 5219 tacitum
2279 5207 2290 5219 .
2324 5207 2338 5222 .
2372 5208 2383 5218 .
2426 5172 2682 5233 relinquat

785 5388 878 5442 18.
950 5393 979 5441 5
1005 5395 1250 5454 acceperit
1268 5389 1359 5459 [V]
1377 5407 1501 5442 corr.
1524 5392 1657 5441 δραι.
1804 5391 1836 5440 6
1861 5394 2002 5441 sciris
2019 5389 2111 5459 [V]
2129 5407 2250 5441 corr.
2277 5394 2411 5442 scal.
2559 5393 2586 5441 7
2616 5398 2808 5454 togatae
2828 5389 2937 5459 [V],
2970 5400 3081 5454 toga
3100 5399 3151 5442 te
3173 5391 3436 5441 Goethhals
3585 5395 3645 5444 15
3672 5396 3758 5444 sed
3781 5393 3875 5462 [V]

785 5474 879 5529 19.
959 5478 977 5527 l
1020 5480 1224 5538 genitus
1262 5475 1366 5544 [V],
1409 5481 1639 5539 genitum
1677 5479 1852 5526 Domo
2083 5477 2113 5526 2
2151 5481 2373 5539 genitrix
2409 5475 2499 5545 [V]
2736 5478 2767 5527 3
2804 5485 2849 5527 et
2886 5479 2917 5527 9
2955 5480 3042 5527 sed
3078 5475 3172 5546 [V]
3401 5481 3431 5529 3
3471 5488 3522 5528 et
3559 5483 3725 5528 omnia
3759 5478 3870 5547 [VJ.

596 5566 774 5615 omnia
799 5572 850 5611 et
878 5564 1199 5614 Pulmannus
1407 5565 1438 5613 6
1476 5567 1723 5625 egregiam
1750 5560 1840 5630 [V]
1872 5579 1995 5613 corr.
2026 5564 2261 5612 Heirm'us
2478 5565 2538 5613 10
2575 5572 2718 5614 nacta
2745 5561 2835 5630 [V]
3052 5565 3107 5614 11
3151 5566 3437 5615 honoranda
3465 5563 3556 5632 [l]
3581 5581 3706 5614 corr.
3737 5569 3872 5616 Scal.

780 5645 880 5700 20.
955 5651 984 5699 2
1022 5651 1229 5713 indepte
1267 5646 1387 5716 [V],
1447 5652 1658 5713 indepte
1693 5665 1747 5699 es
1785 5652 1952 5711 δραι,
2013 5652 2271 5712 indeptum
2310 5651 2488 5700 Dema
2753 5650 2786 5699 4
2823 5658 3003 5699 nactus
3040 5648 3133 5718 [V]
3400 5653 3433 5701 ὃ
3471 5654 3634 5714 qualis
3672 5662 3750 5701 est
3789 5667 3877 5715 par

599 5750 786 5796 magno
823 5731 910 5801 [V]
945 5752 1069 5785 corr.
1111 5736 1246 5786 Scal.
1462 5737 1493 5786 9
1533 5745 1792 5785 vacantem
1827 5733 1920 5802 [V]
1955 5750 2080 5785 corr.
2123 5737 2255 5785 8σαὶ.
2471 5739 2777 5800 impenderis
2812 5733 2904 5803 [VJ

3386 5841 3461 5889 9.
