4630 6435
1680 427 2366 483 TECHNOPAEGNION
2408 429 2692 489 {XXV112
3696 432 3813 492 133

544 636 673 680 non
718 624 817 682 est
861 618 1032 699 quod
1077 618 1361 700 mireriS,
1431 617 1546 682 sed
1592 617 1815 701 paucis
1864 618 2095 683 litteris
2140 618 2416 699 additis,
2470 625 2569 683 est
2613 618 2795 683 cuius
2842 618 3208 684 miserearis
3253 638 3461 701 neque
3505 619 3818 684 aemulari

550 719 740 784 velis.
836 727 900 784 et
946 720 1001 785 si
1046 720 1172 785 huc
1218 741 1468 803 quoque
1515 720 1961 801 descenderis,
2028 722 2330 786 maiorem
2391 721 2753 786 molestiam
2799 721 3024 805 capias
3067 721 3313 805 ingenii
3359 728 3423 787 et
3468 721 3814 788 facundiae

445 844 505 882 ιο
546 822 952 905 detrimento,
1002 845 1197 907 quam
1244 825 1732 890 oblectationem
1777 824 2150 891 imitationis
2195 826 2453 890 affectu.

548 1064 615 1127 3.
679 1064 999 1128 VERsvs
1045 1065 1704 1131 MONOSYLLABIS
1753 1068 1862 1130 ET
1909 1067 2218 1132 COEPTI
2264 1069 2377 1132 ΕΤ
2424 1068 2732 1147 FINITI,
2787 1068 2933 1131 ITA
2980 1070 3093 1133 VT
3139 1070 3193 1133 A
3242 1070 3443 1134 FINE
3494 1068 3815 1133 VERSVS

1526 1170 1644 1233 AD
1690 1170 2192 1236 PRINCIPIVM
2237 1170 2829 1236 RECVRRATVR.

1221 1326 1349 1389 Res
1393 1323 1721 1390 hominum
1766 1324 2036 1408 fragiles
2083 1326 2201 1390 alit
2245 1332 2310 1392 et
2355 1326 2522 1408 regit
2567 1333 2631 1391 et
2676 1326 2933 1409 perimit
3230 1326 3383 1409 fors,
3714 1346 3814 1398 339

1223 1428 1353 1492 fors
1399 1428 1597 1492 dubia
1642 1436 2101 1511 aeternumque
2147 1430 2409 1511 labanS,
2462 1450 2655 1511 quam
2702 1430 2942 1495 blanda
2988 1430 3160 1496 fovet
3206 1450 3376 1515 spes,
3536 1433 3810 1494 (VQOCw)

1222 1550 1370 1616 spes
1417 1533 1595 1596 nullo
1642 1532 1822 1598 finita
1866 1552 2057 1614 aevo,
2112 1534 2214 1598 cui
2259 1532 2571 1598 terminus
2618 1540 2718 1598 est
3197 1554 3386 1614 mors,

1223 1654 1390 1699 mors
1436 1634 1655 1717 avida,
1710 1636 1965 1700 inferna
2010 1636 2243 1719 mergit
2288 1636 2569 1719 caligine
2616 1656 2806 1717 quam
3239 1658 3382 1716 nox,

1087 1761 1113 1798 ⁵
1221 1758 1350 1802 nox
1396 1738 1647 1803 obitura
1690 1740 1932 1821 vicem,
1985 1740 2371 1806 remeaverit
2415 1760 2614 1804 aurea
2660 1760 2803 1804 cum
3252 1740 3384 1821 lux,

1221 1842 1333 1907 lux
1380 1842 1548 1907 dono
1595 1862 1902 1909 concessa
1949 1844 2174 1923 deum,
2231 1844 2335 1908 cui
2381 1843 2681 1926 praevius
2729 1848 2826 1907 est
3254 1844 3384 1926 Sol,

1222 1943 1366 2025 Sol,
1422 1946 1524 2010 cui
1571 1965 1687 2011 nec
1736 1946 1903 2011 furto
1949 1946 2015 2010 in
2063 1947 2331 2012 Veneris
2377 1948 2536 2011 latet
2579 1946 2973 2030 armipotens
3190 1948 3382 2028 Mars,

1221 2049 1392 2113 Mars
1437 2049 1615 2113 nullo
1661 2049 1742 2113 de
1788 2055 1968 2133 patre
2017 2056 2232 2131 satus,
2286 2070 2475 2132 quem
2522 2050 2849 2115 Thraessa
2897 2051 3048 2115 colit
3204 2070 3385 2133 gens,

1220 2170 1383 2235 gens
1428 2151 1684 2216 infrena
1729 2153 1965 2230 virum,
2017 2154 2250 2235 quibus
2295 2153 2362 2218 in
2409 2154 2621 2217 scelus
2668 2174 2854 2218 omne
2901 2154 3028 2218 ruit
3258 2152 3382 2234 fas,

1056 2278 1111 2315 ιο
1221 2254 1320 2318 fas
1368 2254 1687 2320 hominem
1735 2262 2015 2321 mactare
2063 2257 2300 2322 sacris:
2357 2256 2530 2321 ferus
2574 2258 2697 2321 iste
2744 2257 2869 2321 loci
3226 2276 3384 2339 mos,

1221 2377 1356 2421 mos
1403 2357 1577 2422 ferus
1625 2357 1894 2423 audacis
1942 2360 2192 2443 populi,
2245 2379 2435 2442 quem
2482 2360 2663 2424 nulla
2706 2365 2884 2425 tenet·
3256 2360 3384 2441 leX,

1219 2461 1358 2541 leX,
1413 2461 1690 2526 naturali
1736 2452 1930 2544 quam
1977 2462 2262 2528 condidit
2305 2463 2573 2547 imperio
3257 2462 3379 2543 ius,

1218 2565 1320 2629 ius
1363 2564 1650 2646 genitum
1699 2566 1939 2649 pietate
1983 2566 2345 2646 hominum,
2400 2566 2501 2630 ius
2548 2572 2724 2631 certa
2769 2564 2875 2630 dei
3178 2584 3381 2648 mens,

1219 2686 1430 2747 mene,
1485 2688 1647 2750 quae
1695 2670 1961 2734 caelesti
2010 2688 2203 2734 sensu
2251 2669 2422 2752 rigat
2467 2670 2801 2736 emeritum
3253 2689 3378 2747 cor,

1057 2793 1111 2833 ιε»
1220 2791 1326 2836 cor
1371 2778 1669 2855 vegetum
1717 2771 1938 2836 mundi
1984 2772 2189 2837 instar
2234 2772 2520 2855 habens,
2574 2772 2826 2838 animae
2874 2773 3058 2855 vigor
3099 2792 3175 2837 ac
3264 2772 3379 2852 vis,

1221 2874 1319 2940 vis
1364 2881 1581 2940 tamen
1627 2874 1728 2939 hic
1773 2876 1953 2940 nulla
1997 2882 2126 2940 est:
2182 2882 2431 2940 tantum
2478 2883 2576 2941 est
2619 2876 2797 2941 iocus
2843 2896 2922 2941 ac
2966 2875 3153 2940 nihili
3258 2896 3383 2942 res.

930 3118 999 3187 4.
1047 3115 1373 3183 VERSVS
1419 3116 2079 3182 MONOSYLLABIS
2124 3117 2606 3182 TERMINATI
2650 3117 3040 3183 EXORDIO
3088 3117 3424 3185 LIBERO.

1922 3256 2433 3321 PRAEFATIO.

720 3414 804 3478 Vt
846 3413 914 3478 in
949 3419 1163 3478 vetere
1195 3412 1532 3496 proverbio
1564 3420 1664 3476 est
1718 3411 2040 3494 ‘sequitur
2070 3432 2226 3476 vara
2259 3412 2548 3494 vibiam',
2603 3411 2908 3477 similium
2939 3432 3255 3494 nugarum
3289 3413 3558 3478 subtexo
3588 3414 3815 3496 nequi-
3851 3427 3951 3475 34⁰

545 3518 724 3582 tiam.
820 3523 884 3582 et
930 3517 996 3581 hi
1043 3516 1345 3581 versiculi
1391 3515 1853 3599 monosyllabis
1901 3515 2341 3596 terminantur,
2398 3515 2659 3580 exordio
2706 3522 2920 3580 tamen
2966 3515 3203 3598 libero,
3256 3536 3640 3598 quamquam
3687 3517 3813 3582 fine
3853 3512 4024 3572 (νοω)

543 3621 856 3703 legitimo.
951 3618 1068 3684 sed
1115 3617 1424 3701 laboravi,
1479 3627 1549 3683 ut
1591 3626 1900 3701 quantum
1947 3619 2087 3684 eius
2133 3626 2397 3702 possent
2440 3626 2596 3704 aput
2639 3639 2829 3682 aures
2861 3618 3476 3701 indulgentissimas,
3532 3619 3814 3686 absurda

720 3826 780 3880 8·
853 3830 884 3879 2
924 3830 1111 3878 Tibull.
1154 3829 1202 3876 11
1241 3827 1288 3886 6,
1341 3826 1402 3876 19
1428 3841 1503 3889 sq.
1545 3828 1744 3877 credula
1783 3830 1936 3875 vitam
1976 3842 2090 3889 spes
2128 3830 2262 3876 fovet

721 4022 784 4070 10
822 4022 930 4069 vale
968 4018 1083 4068 add.
1127 4019 1262 4067 Scal.
1305 4020 1445 4080 volqo

721 4103 780 4158 8·
854 4107 993 4154 Finit
1043 4103 1177 4169 Efac'.
1219 4106 1360 4166 Incip’
1409 4106 1745 4166 Tetnopegnii
1796 4101 1919 4153 text'
1962 4103 2019 4162 Q.
2065 4105 2254 4165 Incipit
2300 4104 2620 4165 tecbopegnii
2666 4109 2741 4151 tes
2779 4111 2862 4153 tus
2915 4105 2958 4151 Ο
2995 4124 3057 4147 .--·
3099 4104 3260 4152 Paris.
3304 4106 3438 4153 27⁷2
3463 4104 3509 4163 f.
3555 4102 3646 4155 79?
3682 4120 3810 4154 saec.

550 4194 763 4252 K—XI‚
808 4193 992 4240 Versus
1030 4193 1378 4250 monosyllabis
1423 4193 1456 4254 (i
1493 4207 1581 4251 pro
1619 4206 1646 4250 y
1697 4189 1809 4251 VM,
1862 4192 2186 4249 monosyllabi
2231 4191 2285 4252 C)
2327 4197 2379 4238 et
2418 4191 2532 4255 (om.
2586 4190 2751 4238 VTvE
2784 4191 2944 4250 υοιρο)
2985 4192 3148 4254 coepti
3188 4197 3239 4238 et
3274 4193 3405 4239 finiti
3450 4192 3597 4252 (cepti
3640 4189 3738 4238 CM
3769 4197 3813 4238 et

554 4281 609 4341 T,
650 4283 738 4342 qui
774 4293 867 4329 om.
912 4283 964 4326 et
1001 4279 1151 4339 finiti)
1207 4280 1277 4326 ita
1315 4284 1375 4326 ut
1409 4277 1478 4340 (et
1514 4277 1631 4326 add.
1677 4276 1748 4339 M)
1803 4292 1831 4323 a
1870 4279 1968 4324 line
2007 4290 2182 4324 uersus
2218 4278 2280 4325 ad
2328 4278 2633 4338 principium
2672 4282 2953 4325 recurratur
3002 4279 3278 4338 (recurrant
3323 4276 3364 4323 V
3394 4279 3555 4340 volyo,
3595 4284 3815 4326 recurrat

551 4365 683 4428 CTv)
734 4364 1014 4426 VCTMvE,
1058 4363 1189 4411 dcent
1227 4365 1406 4412 lanma
1444 4367 1497 4411 in
1531 4378 1635 4412 mu.
1878 4363 1899 4412 1
1943 4364 2117 4412 faciles
2161 4363 2202 4410 T
2408 4364 2554 4411 aliter
2593 4363 2632 4409 C
2671 4365 2786 4424 (om.
2828 4364 2912 4423 et),
2958 4364 3050 4411 alit
3095 4363 3136 4409 Τ
3180 4364 3220 4423 (t
3255 4377 3312 4409 cx
3347 4363 3390 4422 ο)
3606 4366 3711 4424 egit
3750 4366 3810 4424 Q,

546 4454 678 4511 regit
713 4459 767 4499 et
802 4465 896 4499 om.
946 4450 988 4498 Ο
1197 4463 1300 4499 sors
1343 4450 1472 4515 ΤχΕ
1692 4449 1723 4499 2
1762 4463 1866 4498 sors
1910 4450 2036 4515 ΤχΕ
2242 4450 2419 4508 dubita
2461 4450 2500 4496 C
2707 4463 2805 4509 que
2851 4449 2892 4496 V
2928 4449 2984 4508 (s.
3028 4467 3073 4498 υ.
3115 4446 3206 4510 m2)
3247 4463 3343 4498 om.
3388 4448 3430 4507 Q
3638 4447 3814 4516 quam]

544 4539 664 4599 quia
703 4536 745 4594 Q
989 4535 1019 4584 3
1058 4538 1159 4584 fine
1196 4550 1318 4585 aeuo
1357 4535 1424 4598 M,
1469 4539 1579 4584 sine
1617 4538 1717 4584 tine
1753 4550 1876 4583 aeuo
1920 4536 2046 4600 ΤχΕ
2275 4537 2482 4583 termini
2526 4535 2569 4581 Ο
2800 4534 2830 4582 4
2868 4537 3059 4583 inferni
3100 4535 3191 4593 OT
3423 4537 3576 4596 mergi
3616 4550 3678 4583 ne
3714 4550 3813 4597 qua

545 4638 647 4671 nox
686 4639 730 4671 ω
977 4622 1007 4670 5
1046 4636 1146 4670 nox
1183 4624 1356 4670 sortita
1394 4623 1535 4671 uices
1578 4623 1660 4670 Cw
1870 4636 1990 4669 aurs
2034 4621 2076 4667 Ο
2284 4603 2391 4682 quii
2438 4621 2477 4667 V
2715 4619 2746 4669 6
2783 4621 2912 4668 dona
2952 4623 2993 4681 Q
3200 4622 3285 4669 ἀῶ
3321 4613 3396 4671 cvi
3444 4622 3485 4669 V
3523 4625 3590 4684 (ᾗ
3628 4612 3702 4669 c'i
3741 4620 3815 4670 m²

545 4713 598 4758 in
635 4711 759 4770 ras.)
1000 4707 1028 4755 7
1068 4723 1131 4756 ne
1173 4708 1214 4755 Τ
1446 4710 1500 4756 in
1536 4724 1631 4758 om.
1676 4710 1792 4756 Par.
1834 4711 1977 4781 υοιᾳο
2206 4709 2339 4756 iacet
2380 4708 2419 4754 C
2649 4706 2680 4756 8
2718 4712 2878 4756 tressa
2927 4707 3062 4770 Vm,
3102 4709 3281 4757 tiressa
3321 4707 3379 4767 O,
3422 4708 3617 4756 thressa
3649 4713 3741 4757 cet.

544 4796 634 4843 alit
675 4796 718 4842 Ο
927 4793 958 4842 9
994 4795 1186 4843 infesta
1226 4796 1283 4857 C,
1323 4797 1521 4842 inferna
1563 4795 1605 4841 Ο
1819 4794 1880 4843 10
1919 4784 2013 4843 ¹ste
2062 4795 2101 4841 V
2137 4795 2174 4856 (i
2199 4790 2287 4855 m2)
2506 4808 2620 4841 mox
2665 4794 2706 4840 V
2745 4795 2886 4854 (corr.
2915 4792 3002 4855 m2)
3226 4793 3278 4842 11
3326 4807 3436 4842 mox
3483 4796 3521 4842 V
3547 4795 3687 4856 (corr.
3716 4791 3809 4855 m2)

555 4880 616 4930 12
652 4883 850 4944 inperio
897 4882 936 4928 V
1170 4879 1231 4929 14
1268 4882 1445 4942 irrigat
1484 4881 1523 4925 C
1751 4894 1831 4928 cor
1866 4895 1946 4929 cor
1987 4881 2028 4927 Τ
2064 4881 2157 4942 (pr.
2202 4895 2282 4928 cor
2319 4881 2435 4939 del.)
2678 4878 2740 4928 15
2779 4886 3008 4939 uegetam
3053 4881 3095 4928 0
3329 4881 3524 4928 animae
3562 4893 3655 4930 om.
3705 4880 3746 4926 Τ

547 4970 741 5028 uigoret
774 4967 813 5014 V
842 4967 935 5028 (ret
959 4964 1033 5013 m2
1057 4970 1111 5015 in
1132 4968 1255 5029 ras.)
1289 4967 1349 5028 Q,
1392 4968 1530 5026 uigor
1559 4967 1621 5028 0,
1661 4969 1806 5027 uigor
1828 4983 1885 5015 ac
1907 4972 1995 5015 eet.
2217 4966 2277 5017 16
2314 4962 2540 5032 tantum]
2567 4980 2740 5014 uerum
2777 4966 2857 5015 Cm
2884 4967 3025 5026 volqo
3189 4972 3269 5014 est
3291 4980 3388 5014 om.
3423 4967 3466 5013 Ο
3627 4968 3814 5014 iocosa·

549 5054 697 5102 nihili
732 5053 784 5115 V,
829 5055 986 5101 iecora
1012 5054 1156 5101 nihili
1185 5053 1244 5116 Q,
1284 5055 1395 5102 inco
1422 5060 1474 5102 et
1499 5053 1648 5102 nihili
1682 5055 1738 5113 O,
1784 5055 1920 5101 iocus
1957 5059 2010 5101 et
2048 5054 2198 5101 nilhil
2232 5054 2282 5113 C,
2327 5055 2463 5102 iocus
2500 5059 2552 5100 et
2588 5053 2734 5100 nihili
2781 5053 2952 5114 (nichil
2980 5051 3052 5113 M)
3097 5068 3139 5100 ω
3350 5067 3405 5100 ac
3440 5066 3543 5112 syo,
3586 5059 3638 5100 et
3671 5054 3814 5113 volvo

718 5134 779 5189 4·
853 5140 933 5187 Ite
968 5140 1212 5201 praefatio
1249 5140 1699 5198 monosyllabarum
1745 5140 1895 5200 (-sill-
1946 5139 2008 5200 V)
2049 5145 2247 5187 tantum
2290 5140 2396 5198 (tan
2442 5138 2481 5185 V
2515 5153 2556 5186 s.
2598 5155 2643 5186 v.
2685 5135 2775 5198 m2)
2827 5140 2883 5186 in
2922 5140 3020 5185 nne
3056 5138 3329 5198 positarum
3382 5139 3419 5184 V
3460 5138 3559 5198 (ubi
3596 5137 3663 5187 Tri
3697 5144 3813 5188 ante

546 5227 628 5288 Vt)
665 5225 708 5284 Q
751 5226 1215 5287 (monosyllaborum
1257 5260 1268 5272 .
1301 5262 1314 5275 .
1351 5261 1362 5274 .
1403 5227 1677 5287 positorum
1717 5225 1847 5273 Soet.
1883 5226 2067 5286 υοιρο),
2110 5225 2301 5273 Versus
2339 5223 2627 5283 monosyliis
2665 5225 2938 5273 terminati.
3005 5225 3275 5271 Exordium
3317 5225 3372 5287 Τ,
3419 5227 3604 5274 Versus
3641 5239 3813 5275 mono-

547 5314 752 5371 syllabis
789 5313 1049 5360 terminati
1086 5312 1287 5360 exordio
1332 5311 1523 5372 (ordine
1546 5314 1612 5371 m)
1657 5312 1809 5360 libero
1843 5327 1983 5373 muv,
2023 5311 2244 5360 Pret'acio
2281 5317 2525 5372 quantum
2562 5313 2621 5358 ad
2660 5311 2780 5359 haec
2819 5310 3261 5368 monosyllaborum
3297 5326 3481 5372 genera
3519 5312 3578 5372 Ε,
3617 5313 3814 5360 nullum

546 5401 723 5447 lemma
763 5397 836 5458 M,
884 5398 1354 5459 praefactumulam
1388 5412 1484 5446 om.
1537 5397 1620 5444 CO
1853 5397 1873 5445 l
1919 5404 2114 5446 uertere
2161 5399 2212 5456 V,
2255 5399 2417 5445 ueteri
2458 5397 2499 5455 Q
2707 5393 2997 5462 prouerbio]
3034 5397 3187 5444 uerbo
3224 5413 3266 5445 ω
3306 5400 3445 5461 volyo
3655 5404 3735 5446 est
3780 5400 3817 5444 V

553 5487 607 5544 ξε.
649 5502 695 5535 v.
737 5483 830 5558 7⁷²²)
1083 5486 1314 5547 sequitur
1351 5499 1468 5533 uara
1502 5485 1685 5532 bibiam
1735 5485 1783 5545 V,
1851 5499 1972 5533 uara
2019 5486 2206 5532 bibiem
2254 5485 2483 5546 sequitur
2521 5483 2589 5544 Q,
2651 5487 2884 5546 sequitur
2920 5484 3057 5531 uarai
3116 5485 3271 5542 (narsi
3312 5483 3382 5544 M)
3440 5485 3526 5531 ubi
3563 5485 3662 5531 iam
3700 5500 3742 5532 ω

550 5560 780 5620 subtex¹o
831 5572 869 5618 V
909 5573 943 5630 (i
970 5569 1080 5633 m2),
1123 5573 1362 5620 subtexto
1390 5570 1508 5632 ΟΜ,
1551 5572 1764 5619 subtexo
1801 5576 1887 5621 cet.
2104 5569 2134 5618 2
2173 5576 2224 5618 et
2259 5572 2312 5617 in
2352 5559 2614 5618 uersiculis
2654 5571 2692 5617 V
2732 5572 2772 5628 (s
2797 5566 2883 5630 m2)
3100 5570 3440 5618 monosillabis
3479 5570 3517 5616 V
3722 5583 3811 5617 ex·

548 5649 682 5705 ordi⁰
725 5658 762 5703 V
789 5659 832 5718 (o
858 5655 946 5720 m2)
1159 5657 1187 5705 3
1227 5659 1338 5705 eius
1375 5670 1469 5705 om.
1503 5673 1544 5705 ω
1747 5663 1950 5718 possent
1982 5657 2082 5719 VO,
2123 5664 2292 5719 posset
2318 5657 2480 5704 uideri
2514 5672 2557 5705 ω
2584 5655 2690 5704 cod.
2720 5656 2963 5718 Aecus-sii,
3006 5663 3176 5718 posset
3200 5658 3358 5718 volyo,
3401 5664 3515 5719 pote
3548 5657 3744 5704 Gronov

550 5745 681 5805 apud
724 5743 813 5801 Οω
