4630 6435
1530 440 1780 495 LVDVS
1818 441 2107 496 SEPTEM
2146 442 2581 497 SAPIEN'I‘VM
2628 442 2795 501 (XX).
3682 448 3799 507 105

1210 629 1446 694 nostris
1490 630 1742 713 negotis
1789 649 1907 696 sua
1953 631 2094 696 loca
2139 631 2362 698 sortito
2408 632 2584 698 data:

1213 752 1481 816 campus
1529 733 1834 814 comitiis,
1888 740 1958 799 ut
2003 735 2383 820 conscriptis
2429 736 2633 815 curia,

1210 836 1414 901 forum
1461 843 1652 919 atque
1698 844 1906 901 rostra
1949 845 2210 921 separat
2251 839 2355 904 ius
2403 838 2658 904 civium.
3223 860 3282 900 ιο

1210 959 1340 1004 una
1385 945 1485 1004 est
1532 939 1802 1005 Athenis
1846 947 2040 1024 atque
2086 942 2152 1006 in
2198 942 2369 1006 omni
2418 942 2693 1007 Graecia

1039 1063 1099 1103 3ο
1211 1042 1297 1107 ad
1342 1043 1806 1109 consulendum
1852 1045 2096 1128 publici
2142 1046 2333 1111 sedes
2377 1046 2530 1125 loci,

1208 1166 1399 1229 quam
1445 1146 1515 1211 in
1561 1147 1718 1212 urbe
1763 1155 1983 1213 nostra
2027 1166 2169 1214 sero
2216 1149 2406 1214 luxus
2452 1150 2763 1214 condidit.

1209 1249 1443 1315 aedilis
1490 1250 1643 1315 olim
1689 1269 1989 1316 scaenam
2036 1252 2394 1318 tabulatam
2440 1252 2639 1317 dabat

1210 1353 1423 1418 subito
1471 1354 1818 1419 excitatam
1866 1354 2048 1419 nulla
2092 1355 2261 1420 mole
2307 1374 2533 1419 saxea.
3226 1377 3281 1415 ιε»

1213 1456 1479 1520 Murena
1525 1456 1618 1521 sic
1663 1463 1728 1522 et
1773 1456 2059 1523 Gallius:
2116 1464 2268 1523 nota
2314 1456 2599 1542 eloquar.

1044 1580 1103 1619 ³⁵
1216 1566 1555 1644 postquam
1602 1566 1896 1645 potentes
1940 1582 2060 1626 nec
2104 1569 2403 1627 verentes
2451 1569 2821 1647 sumptuum

1212 1683 1443 1728 nomen
1487 1683 1770 1748 perenne
1819 1664 2261 1745 crediderunt,
2320 1666 2376 1730 si
2423 1667 2627 1731 semel

1212 1772 1579 1831 constructa
1623 1767 1825 1831 moles
1872 1786 2071 1832 saxeo
2116 1767 2491 1834 fundamine

1210 1868 1277 1933 in
1324 1889 1510 1934 omne
1555 1875 1813 1953 tempus
1859 1869 2163 1935 conderet
2199 1869 2378 1944 ludis
2432 1870 2676 1936 locum:
3223 1890 3283 1931 20

1215 1978 1487 2037 cuneata
1533 1972 1734 2037 crevit
1780 1972 1940 2038 haec
1984 1973 2219 2038 theatri
2265 1974 2634 2039 inmanitas

1046 2095 1103 2133 «ιο
1214 2076 1555 2160 Pompeius
1602 2076 1769 2140 hanc
1814 2084 1879 2141 et
1924 2076 2167 2142 Balbus
2214 2085 2277 2142 et
2323 2077 2568 2143 Caesar
2612 2076 2790 2143 dedit

1214 2179 1644 2260 Octavianus,
1700 2187 2144 2245 concertantes
2189 2182 2573 2265 sumptibus,

1216 2283 1331 2348 sed
1379 2282 1530 2365 quid
1577 2302 1698 2365 ego
1743 2283 1990 2348 istaec?
2033 2304 2160 2347 nou
2206 2283 2328 2349 hac
2375 2284 2519 2369 (de)
2569 2304 2767 2350 causa
2814 2286 2934 2350 huc
2980 2285 3225 2370 prodii,

1220 2393 1288 2450 ut
1332 2385 1737 2469 expedirem,
1790 2387 1937 2468 quis
1981 2387 2268 2469 theatra,
2323 2388 2465 2471 quis
2510 2388 2750 2468 forum,
3226 2406 3286 2447 2⁵

1216 2488 1361 2571 quis
1407 2488 1811 2554 condidisset
1854 2489 2073 2574 privas
2116 2497 2337 2574 partes
2383 2491 2734 2556 moenium:

1053 2610 1110 2649 25
1219 2599 1319 2656 set
1362 2598 1431 2656 ut
1475 2592 1790 2657 verendos
1836 2592 2067 2675 disque
2112 2593 2410 2660 laudatos
2454 2594 2628 2659 viros

1222 2694 1682 2779 praegrederer
1724 2715 1803 2760 ac
1847 2695 2141 2762 docerem
2187 2696 2343 2779 quid
2388 2699 2634 2763 vellent
2680 2697 2825 2762 sibi.

1221 2799 1633 2882 pronuntiare
1680 2818 1830 2864 suas
1877 2800 2086 2865 solent
2130 2801 2515 2883 sententiaS,

1221 2921 1383 2984 quas
1429 2902 1701 2984 quisque
1747 2903 1875 2968 iam
1923 2903 2328 2988 prudentium
2375 2906 2815 2971 anteverterit.
3228 2928 3289 2967 30

1223 3005 1402 3070 scitis
1446 3005 1758 3090 profecto,
1814 3027 1980 3090 quae
2027 3007 2186 3071 sint:
2241 3015 2342 3072 set
2385 3008 2443 3073 si
2488 3010 2795 3074 memoria

1056 3129 1115 3167 50
1223 3109 1416 3173 rebus
1461 3109 1734 3173 vetustis
1779 3109 2009 3189 cludit,
2066 3110 2283 3176 veniet
2326 3111 2543 3176 ludius

1225 3211 1639 3278 edissertator
1683 3213 1944 3294 harum,
2000 3234 2160 3296 quas
2205 3221 2394 3280 teneo
2439 3215 2671 3281 minus.

2014 3439 2346 3505 LVDIVS.

1227 3591 1502 3676 Delphis
1547 3592 1848 3658 Solonem
1896 3593 2138 3679 scripse
2186 3594 2362 3659 fama
2407 3601 2505 3660 est
2548 3597 2827 3661 Atticum
3564 3613 3675 3678 (111)
3718 3613 3809 3663 301

1223 3694 1424 3760 Γνῶθι
1472 3694 1742 3776 σεαυτόν,
1799 3698 1971 3779 quod
2016 3698 2313 3763 Latinum
2363 3705 2494 3763 est:
2549 3699 2761 3764 Nosce
2808 3705 2893 3763 te.

1229 3799 1411 3864 multi
1459 3799 1580 3865 hoc
1626 3800 1897 3865 Laconis
1945 3820 2090 3865 esse
2138 3800 2429 3866 Chilonis
2475 3809 2728 3887 putant.

1063 3927 1122 3964 55
1230 3901 1550 3986 Spartane
1598 3902 1863 3984 Chilon,
1919 3904 2003 3969 sit
2047 3911 2222 3969 tuum
2269 3925 2472 3969 necne
2518 3905 2879 3988 ambigunt,

1229 4007 1848 4090 quod-introfertur:
1897 4001 2054 4094 Ὅρα
2097 4011 2266 4081 τέλος
2317 4015 2547 4095 μακροῦ
2599 4011 2764 4096 βίου,
3274 4031 3300 4068 s

1231 4109 1424 4176 finem
1468 4111 1702 4176 intueri
1750 4112 1979 4194 longae
2025 4112 2196 4177 vitae
2244 4114 2353 4195 qui
2397 4113 2601 4178 iubes.

1231 4215 1416 4280 multi
1462 4215 1580 4280 hoc
1627 4214 1926 4280 Solonem
1973 4215 2132 4279 dixe·
2171 4215 2407 4281 Croeso
2455 4216 2846 4282 existimant.

738 4458 803 4507 26
841 4460 1058 4519 negotiis
1105 4458 1145 4503 V
1187 4457 1301 4517 Uy„
1342 4458 1560 4518 negociis
1599 4457 1657 4516 P,
1701 4458 1892 4517 negotis
1929 4458 1958 4503 h
2192 4457 2255 4506 27
2296 4460 2592 4507 conscribtis
2640 4460 2679 4504 V
2884 4457 2949 4506 28
2986 4459 3148 4521 adque
3195 4460 3237 4506 V
3268 4457 3306 4518 (t
3337 4456 3429 4521 m2)
3644 4464 3825 4507 rostras

566 4546 606 4590 V
814 4545 1058 4608 separatis
1094 4544 1237 4593 codd.
1266 4543 1426 4605 volyo,
1469 4548 1666 4604 separat
1701 4545 1783 4591 ius
1812 4543 1947 4592 Scal.
2162 4542 2228 4593 29
2263 4544 2424 4605 adque
2457 4544 2497 4589 V
2519 4544 2555 4603 (t
2578 4541 2666 4606 m2)
2882 4542 3041 4611 omni]
3077 4546 3242 4594 omina
3275 4545 3314 4591 V
3519 4543 3585 4594 30
3622 4546 3754 4593 sedis
3788 4545 3829 4590 V

558 4632 625 4680 32
653 4645 855 4679 scenam
881 4630 926 4676 P
1098 4629 1161 4677 33
1189 4613 1406 4678 ex⁰itsti1
1439 4630 1480 4676 V
1504 4632 1547 4691 (c
1570 4627 1662 4691 m2,
1701 4613 1749 4677 tri
1772 4628 1847 4677 m2
1870 4633 1924 4678 in
1947 4631 2071 4693 ras.)
2253 4629 2318 4678 34
2345 4632 2412 4678 sit
2431 4630 2476 4676 P
2646 4631 2830 4690 gallius
2858 4631 2898 4677 V
2919 4632 2987 4694 (iu
3016 4635 3071 4678 in
3094 4646 3194 4680 ras.
3223 4629 3313 4693 ¹12²)
3497 4631 3562 4679 35
3587 4636 3824 4693 suptuum

568 4718 612 4764 V
649 4721 792 4780 (corr.
831 4715 919 4778 mff)
1157 4715 1221 4765 36
1259 4730 1495 4778 peremne
1533 4715 1580 4762 P
1805 4717 1870 4767 37
1908 4718 2050 4764 molis
2097 4717 2181 4763 VP
2225 4717 2312 4777 Uy.
2547 4716 2613 4765 38
2649 4719 2892 4779 panderet
2931 4717 3203 4766 Mommsen
3427 4715 3493 4764 39
3529 4719 3677 4764 testri
3717 4717 3760 4763 P

567 4805 855 4852 immanitas
903 4805 945 4851 V
982 4802 1071 4862 U9.
1288 4803 1353 4852 40
1389 4803 1636 4865 ponpeius
1664 4802 1707 4848 P
1910 4792 2046 4850 cess*
2077 4803 2133 4874 ‘V
2173 4804 2212 4865 (r
2232 4801 2322 4864 m2)
2536 4801 2597 4852 41
2642 4792 2970 4852 ho⁰tauisnus
3007 4805 3049 4850 V
3084 4803 3133 4864 (h
3160 4803 3257 4852 del.
3285 4800 3376 4863 m2)
3592 4804 3826 4865 suptibus

571 4891 611 4935 V
649 4889 789 4950 (corr.
830 4885 919 4950 m2)
1145 4888 1211 4937 42
1250 4902 1339 4948 ego
1374 4889 1495 4950 quid
1529 4889 1664 4937 Scal.
1705 4890 1847 4948 volyo
2076 4878 2229 4937 ¹stsec
2271 4889 2314 4935 V
2352 4890 2384 4951 (i
2422 4885 2538 4951 1122),
2580 4891 2703 4937 istet
2741 4888 2788 4935 P
3010 4889 3071 4937 de
3107 4904 3204 4937 om.
3243 4888 3409 4951 codd„
3450 4888 3568 4937 add.
3614 4888 3828 4936 Mertens

559 4974 628 5024 43
676 4979 837 5022 testrs
893 4974 932 5020 V
1205 4974 1270 5022 44
1321 4974 1646 5024 condississet
1703 4975 1745 5021 V
1790 4975 1934 5034 (corr.
1978 4971 2107 5034 112²),
2159 4975 2441 5023 condidisse
2492 4975 2537 5021 P
2805 4961 2979 5039 priii‘ss
3036 4975 3079 5022 V
3128 4977 3195 5036 (m
3229 4972 3318 5034 m2)
3342 5012 3353 5034 ,
3411 4977 3596 5036 primas
3646 4975 3691 5021 P
3732 4973 3824 5033 Uy.

562 5060 629 5109 45
668 5067 746 5108 set
791 5058 832 5105 V
868 5059 914 5119 (d
949 5056 1055 5123 m2),
1097 5061 1183 5108 sed
1220 5066 1309 5108 cet.
1525 5061 1726 5122 diisque
1767 5061 1808 5106 P
1849 5061 1938 5122 Uy.
2154 5060 2220 5109 46
2256 5061 2608 5124 praegrederer
2656 5062 2696 5108 V
2736 5064 2774 5124 (r
2810 5064 2903 5111 ult.
2944 5057 3019 5109 m²
3054 5064 3107 5108 in
3141 5061 3261 5121 ras.)
3477 5076 3620 5122 agere
3657 5060 3821 5122 codd„

563 5162 618 5194 so.
655 5147 884 5194 docerem
919 5160 1022 5208 eqo,
1065 5162 1121 5195 sc
1159 5149 1395 5196 referrem
1442 5148 1549 5195 Tell
1583 5149 1725 5208 volyo
1936 5147 1999 5196 47
2039 5146 2342 5214 sententias]
2380 5150 2596 5196 seminas
2637 5147 2682 5195 P
2902 5147 2968 5197 48
3004 5144 3152 5213 quas]
3189 5162 3314 5209 quas
3350 5148 3392 5195 sl
3439 5148 3483 5194 V
3686 5149 3828 5209 quis-

561 5248 713 5295 quam
761 5234 803 5280 V
835 5232 924 5293 Ph,
947 5239 952 5242 '
979 5235 1192 5295 quisque
1238 5233 1353 5296 Uy„
1403 5234 1614 5295 quisque
1650 5235 1751 5281 ism
1788 5234 1961 5295 Peipcr
2237 5235 2546 5295 prudentum
2582 5234 2743 5295 codd„
2799 5235 3180 5297 prouidentiam
3226 5231 3370 5283 γεω*
3404 5236 3564 5296 volvo,
3606 5237 3830 5297 pruden-

563 5321 693 5367 tium
735 5319 906 5379 Peiper
1150 5319 1215 5368 49
1253 5323 1471 5383 profecto
1516 5321 1556 5367 V
1593 5322 1634 5381 (f
1664 5317 1740 5369 m²
1776 5324 1830 5369 in
1865 5321 1984 5380 ras.)
2128 5364 2132 5367 .
2236 5321 2323 5369 sed
2365 5321 2436 5369 Ph
2480 5321 2568 5381 Uy.
2819 5322 2884 5370 50
2921 5321 3110 5369 claudit
3147 5321 3220 5369 Ph
3263 5320 3351 5381 Uy.
3594 5322 3748 5370 ludus
3792 5321 3836 5367 V

565 5404 623 5453 51
668 5413 718 5454 et
742 5406 1034 5453 dissertator
1067 5406 1121 5466 V,
1164 5407 1497 5456 edessertstor
1523 5406 1583 5468 P,
1624 5407 1930 5455 edesserstor
1954 5408 2000 5469 h,
2042 5407 2368 5455 edissertator
2401 5407 2514 5469 ΠΨ,
2544 5409 2839 5456 edisserstor
2862 5406 2979 5455 Atd.
3007 5408 3150 5467 volqo
3361 5406 3534 5456 harum
3571 5409 3613 5455 V
3638 5407 3687 5470 (h
3713 5423 3771 5456 ex
3797 5421 3828 5454 n

561 5488 668 5552 νηῒ).
709 5518 780 5527 —
815 5467 985 5540 ludius
1033 5493 1074 5539 V
1107 5493 1141 5553 (i
1175 5491 1288 5555 m2),
1330 5493 1488 5541 ludus
1528 5492 1574 5539 P
1779 5493 1842 5542 52
1881 5494 2023 5541 delfls
2065 5493 2111 5540 P
2315 5495 2573 5542 scribsisse
2625 5495 2677 5554 V,
2719 5495 2976 5555 scripsisse
3021 5492 3134 5554 Uo„
3177 5494 3355 5541 scribis
3391 5500 3443 5542 et
3480 5494 3539 5557 P,
3580 5495 3769 5556 scripse
3805 5493 3832 5539 h

576 5575 719 5624 Vm.⁴
927 5579 1151 5626 anticum
1196 5578 1281 5625 VP
1488 5578 1550 5626 53
1589 5580 1759 5640 gnothi
1808 5581 1850 5626 V
1889 5581 1936 5642 (h
1975 5580 2070 5628 del.
2113 5576 2201 5639 m2)
2249 5580 2294 5625 P
2499 5587 2710 5641 s3suton
2749 5580 2793 5626 P
2997 5578 3062 5628 54
3101 5580 3300 5628 lacones
3346 5580 3389 5627 V
3426 5581 3468 5640 (c
3490 5577 3567 5627 m²
3602 5583 3657 5627 in
3680 5580 3824 5640 raa),

564 5662 703 5710 lacon
732 5662 778 5708 P
984 5663 1049 5712 56
1086 5663 1294 5723 fortasse
1320 5665 1372 5712 in
1398 5679 1481 5713 ore
1509 5667 1667 5713 fertur
1876 5661 2021 5720 τελος
2047 5679 2168 5732 opas
2202 5665 2289 5724 Uy.
2507 5665 2569 5713 57
2610 5649 2769 5716 intui?
2812 5665 2850 5710 V
2877 5665 2926 5724 (n
2952 5661 3055 5724 m23
3098 5667 3152 5713 in
3179 5681 3286 5726 ap.
3321 5664 3413 5725 m²‚
3455 5670 3509 5712 ut
3546 5666 3755 5724 videtur)

568 5750 653 5808 qui
700 5748 753 5809 V,
796 5762 894 5809 quo
930 5754 1022 5799 cet.
1060 5752 1222 5812 volgo,
1260 5749 1330 5809 cf.
1372 5767 1418 5798 v.
1463 5750 1546 5812 66,
1592 5751 1655 5798 70
1866 5749 1932 5799 58
1970 5752 2135 5798 solono
2179 5751 2223 5796 P
2428 5752 2620 5799 dixisse
2668 5753 2707 5798 V
2911 5764 3046 5799 creso
3084 5751 3128 5797 P
3335 5741 3601 5800 ex⁸tim⁸¹¹t
3646 5752 3683 5797 V

719 5849 965 5889 Avsonrvs.
3354 5855 3413 5904 14
