4630 6435
885 418 1078 480 XXX
2273 411 2730 466 PnooEMwM.

1060 640 1213 718 His,
1275 659 1440 720 quae
1488 638 1675 702 modo
1724 637 1804 701 de
1852 637 2179 701 codicibus
2227 661 2278 698 m
2327 635 2770 719 exposuimus,
2827 636 2952 699 iam
3002 635 3082 698 de
3128 634 3519 699 editionibus
3565 635 3921 712 veteribus.
3975 656 4136 717 quae

889 759 1239 843 principem
1310 766 1569 824 secutae
1639 763 1816 836 sunt,
1896 777 2104 842 pauca
2169 755 2546 822 adiciamus.
2644 754 2724 819 de
2782 754 3014 837 quibus
3082 775 3224 819 cum
3291 755 3649 820 accuratius
3717 756 4140 839 disputaverit

888 880 1198 964 Peiperus
1246 883 1371 944 206
1405 899 1581 962 sqq.,
1652 899 1777 943 non
1835 897 2046 942 meum
2110 895 2253 942 esse
2313 875 2569 941 videtur
2626 895 2793 958 quae
2854 874 2963 939 ille
3024 875 3105 940 de
3165 875 3264 940 his
3323 876 3505 940 libris
3550 877 3794 942 rettulit
3836 877 3956 941 hoc
4002 877 4137 941 loco

493 984 865 1075 “ffsstssss'nffisssss‘gffil
894 1009 1204 1084 repetere.
1298 1021 1375 1064 ac
1432 999 1636 1084 primo
1695 1000 1832 1063 loeo
1890 996 2446 1062 commemoranda
2505 1002 2603 1060 est
2660 996 2844 1060 nobis
2902 995 3099 1060 editio
3158 995 3784 1076 Mediolanensis,
3855 1017 4022 1079 quae
4072 1019 4130 1061 a.

538 1087 689 1126 ”⁰¹¹⁸ss
719 1086 864 1136 “m'’
891 1139 1348 1185 moccenxxxx
1394 1121 1460 1184 in
1505 1121 1710 1185 lucem
1757 1117 1996 1202 prodiit
2037 1118 2120 1181 ab
2166 1118 2288 1181 Iul.
2342 1118 2526 1181 Aem.
2578 1115 2870 1180 Ferrario
2916 1124 3158 1180 curata.
3254 1136 3379 1198 quo
3433 1117 3499 1180 in
3549 1117 3712 1181 libro
3757 1117 3981 1181 ultimo
4030 1137 4139 1180 ea—

886 1241 1033 1306 dem
1090 1261 1168 1305 ex
1226 1240 1503 1305 carmine
1565 1239 1644 1304 de
1702 1239 1966 1304 urbibus
2026 1237 2353 1302 nobilibus
2409 1237 2699 1318 (XVIIII)
2756 1243 3081 1318 excerpta,
3134 1256 3299 1318 quae
3344 1237 3410 1299 in
3457 1236 3746 1314 Tiliano,
3812 1237 4129 1319 leguntur,

884 1382 924 1425 a
970 1361 1248 1444 Georgio
1293 1360 1572 1438 Merula,
1630 1358 1906 1424 Ferrarii
1951 1364 2397 1441 praeceptore,
2454 1356 2518 1420 in
2566 1355 2976 1440 bybliotheca
3022 1355 3155 1420 divi
3203 1356 3616 1439 Eustorgiiw)
3671 1356 3979 1440 indagata
4034 1356 4132 1439 [cf.

883 1480 1149 1564 praefi).
1243 1479 1678 1546 memorabilis
1737 1484 1909 1544 certe
1974 1485 2072 1543 est
2116 1477 2357 1542 Tiliani
2403 1484 2468 1542 et
2513 1475 2924 1558 Eustorgiani
2971 1495 3356 1556 consensus,
3424 1497 3553 1560 qua
3605 1476 3686 1541 de
3734 1496 3801 1541 re
3846 1478 4142 1563 exposuit

885 1601 1190 1684 Peiperus
1236 1605 1360 1664 213
1393 1620 1532 1682 sqq.
1599 1607 1815 1665 tamen
1873 1620 2023 1663 num
2087 1597 2258 1664 idem
2321 1598 2405 1662 sit
2449 1596 2739 1660 Tilianus
2798 1601 2991 1676 atque
3037 1597 3539 1679 Eustorgianus,
3610 1598 3904 1663 dubitare
3965 1598 4129 1674 licet,

879 1703 1026 1786 ¹cum
1075 1721 1452 1804 praesertim
1495 1720 1564 1784 in
1608 1720 1864 1784 Tiliano
1911 1719 2187 1804 epistula
2231 1716 2492 1781 XXIIII
2538 1718 2819 1798 legatur,
2874 1737 3043 1798 quae
3091 1718 3155 1781 in
3203 1719 3307 1782 ed.
3359 1717 3827 1782 Mediolanensi
3871 1739 3994 1782 non
4042 1739 4141 1782 re-

885 1842 1146 1927 peritur.
1244 1861 1407 1924 quae
1454 1861 1595 1905 cum
1643 1839 1734 1904 ita
1779 1839 1924 1917 sint,
1980 1839 2194 1922 potius
2239 1838 2321 1914 ie,
2376 1837 2483 1920 qui
2529 1837 2853 1902 Tilianum
2902 1838 3213 1916 exaravit,
3266 1839 3342 1902 Ε.
3396 1839 3542 1916 XII,
3599 1837 3781 1903 cuius
3827 1838 4138 1921 scriptura

884 1962 949 2026 in
1008 1960 1285 2026 editione
1327 1959 1791 2025 Mediolanensi
1854 1959 2174 2043 conspirat
2234 1978 2376 2023 cum
2423 1957 2711 2032 TilianO,
2779 1966 2844 2023 et
2903 1964 3210 2042 excerpta
3269 1979 3349 2022 ex
3408 1958 3690 2024 carmine
3752 1959 3831 2023 de
3877 1958 4140 2023 urbibus

884 2081 1206 2146 nobilibus
1265 2102 1343 2145 ex
1391 2080 1819 2162 Eustorgiano
1878 2078 2299 2162 descripsisse
2358 2077 2631 2142 videtur.
2727 2077 2963 2143 deinde
3009 2079 3287 2143 breviter
3332 2086 3688 2163 exponatur
3732 2098 3996 2144 necesse
4044 2085 4141 2144 est

567 2185 863 2284 ‘'⁰¹¹⁰‘ff‘yf'222'j
892 2202 972 2267 de
1019 2201 1297 2266 editione
1344 2201 1657 2282 Veneta,
1717 2220 1886 2281 quae
1930 2221 1993 2264 a.
2043 2217 2572 2264 Mccccnxxxxvl
2619 2199 2686 2263 in
2731 2200 2940 2263 lucem
2988 2199 3227 2262 emissa
3271 2205 3388 2277 est,
3441 2200 3523 2264 ab
3567 2201 3650 2263 H.
3702 2198 3980 2263 Avantio
4025 2198 4140 2261 ad—

883 2329 1124 2387 ornata.
1220 2321 1287 2384 in
1349 2320 1539 2385 huius
1586 2320 1755 2384 enim
1804 2319 1949 2384 libri
1993 2320 2118 2384 fine
2165 2321 2466 2402 leguntur
2511 2320 2977 2402 epigrammata
3022 2318 3240 2383 XVIII
3299 2321 3393 2400 (A.
3447 2320 3502 2382 V
3557 2323 3779 2402 1-18)
3808 2370 3821 2397 ,
3892 2340 4057 2401 quae
4102 2341 4141 2384 a

885 2442 1228 2506 Francisco
1273 2440 1602 2520 Nurcisio,
1670 2441 1783 2523 qui
1829 2440 2249 2518 catharinae,
2306 2440 2504 2524 Cypri
2549 2439 2848 2521 reginae,
2902 2440 3022 2504 fuit
3066 2461 3107 2504 a
3153 2439 3442 2516 secretis,
3499 2438 3842 2504 Mediolani
3890 2446 4142 2523 reperta

884 2562 1414 2626 Bartholomaeus
1480 2562 1730 2626 Merula
1794 2581 1941 2625 cum
2009 2560 2285 2625 Avantio
2354 2559 2953 2624 communicaverat.
3080 2561 3242 2624 haec
3310 2560 3508 2643 igitur
3573 2560 3893 2640 carmina,
3974 2579 4140 2640 quae

882 2681 1219 2746 Nurcisius
1263 2687 1590 2763 tamquam
1635 2681 2007 2746 Ausoniana
2053 2681 2340 2746 Merulae
2387 2680 2668 2761 tradidit,
2723 2680 2885 2745 nihil
2932 2680 3017 2745 ad
3061 2680 3413 2745 Ausonium
3462 2681 3781 2764 pertinere
3826 2688 3956 2745 tam
4003 2700 4142 2744 cer-

883 2802 968 2867 tis
1025 2802 1421 2885 argumentis
1479 2801 1940 2867 demonstravit
1984 2801 2293 2885 Peiperus
2342 2803 2465 2865 226
2499 2821 2664 2885 sqq,
2737 2807 2805 2865 ut
2862 2822 2942 2867 ne
3002 2801 3266 2866 verbum
3312 2801 3570 2883 quidem
3618 2800 3861 2866 addere
3907 2801 4132 2866 liceat:

797 2911 804 2918 ¹
883 2921 1136 2986 novicia
1182 2927 1348 3005 sunt,
1405 2943 1598 2987 unum
1647 2925 1725 3003 (e.
1772 2925 1820 3004 l)
1878 2921 2154 2986 fortasse
2201 2921 2557 3003 antiquum,
2612 2942 2691 2986 ex
2739 2922 2957 3005 lapide
3004 2922 3418 3006 descriptum.
3498 2928 3777 2986 ceterum
3808 2921 3931 2986 nisi
3965 2921 4140 2984 fraus

884 3042 1106 3107 subest
1164 3041 1444 3107 Nurcisii
1503 3043 1607 3107 vel
1668 3043 1992 3120 Merulae,
2063 3042 2472 3106 statuendum
2533 3047 2633 3106 est
2690 3041 3056 3106 Nurcisium
3120 3041 3281 3107 haec
3340 3042 3806 3125 epigrammata
3860 3062 3902 3106 a
3953 3049 4141 3124 poeta

886 3161 1128 3227 recenti
1188 3162 1548 3247 conscripta
1604 3162 1669 3227 in
1730 3162 1947 3228 codiee
1994 3162 2269 3246 quodam
2315 3168 2461 3248 post
2506 3167 2809 3246 excerpta
2854 3182 2934 3227 ex
2977 3162 3261 3228 Ausonio
3305 3162 3665 3247 repperisse
3710 3170 3903 3246 atque
3950 3183 4028 3228 ea
4070 3182 4138 3227 re

489 3269 864 3372 ¹'‘²¹'¹¹¹⁶¹¹⁸i⁵(¹1{}'f}
890 3282 1225 3368 deceptum
1287 3305 1399 3368 pro
1444 3283 1831 3348 Ausonianis
1888 3282 2218 3348 habuisse.
2311 3282 2496 3348 tertio
2552 3284 2694 3348 loco
2754 3283 3053 3348 editionis
3112 3283 3194 3347 ab
3241 3283 3547 3349 Thadaeo
3593 3284 3913 3367 Vgoleto
3960 3304 4141 3348 cura-

884 3412 1018 3483 tae,
1090 3424 1255 3488 quae
1302 3404 1540 3489 prodiit
1582 3405 1856 3470 Parmae
1901 3424 1941 3468 a
2015 3420 2660 3483 Mccccnxxxxvml,
2731 3404 3113 3468 mentionem
3161 3404 3418 3469 faciam.
3512 3424 3637 3485 quo
3683 3403 3747 3467 in
3796 3404 3957 3468 libro
4005 3404 4137 3487 pri-

886 3546 1055 3589 mum
1104 3525 1278 3590 edita
1324 3531 1474 3590 sunt
1506 3525 1728 3590 Ludus
1770 3530 2019 3608 septem
2052 3523 2413 3608 sapientum
2456 3525 2649 3606 (XX),
2706 3525 2877 3590 Ordo
2909 3524 3154 3588 urbium
3190 3524 3495 3589 nobilium
3525 3523 3777 3606 integer
3816 3524 4129 3607 (XVIIII),

884 3666 962 3710 ex
1013 3645 1229 3710 codice
1277 3645 1558 3710 Tristani
1608 3645 1830 3709 Chalci
1885 3645 2257 3729 desumpta,
2330 3643 2677 3709 Periochae
2728 3644 2827 3727 (A.
2883 3645 2965 3725 Ι),
3036 3664 3197 3726 quas
3258 3664 3327 3708 se
3387 3644 3468 3708 ab
3516 3644 3790 3708 Antonio
3837 3643 4136 3708 Bernerio

885 3765 1215 3850 accepisse
1276 3764 1433 3830 dicit
1495 3765 1833 3847 Vgoletus,
1904 3766 2176 3830 Mosella
2250 3764 2451 3848 (deest
2510 3784 2733 3829 versus
2793 3765 3120 3846 ultimus),
3193 3784 3447 3828 carmen
3503 3764 3697 3829 Anth.
3751 3765 3863 3828 lat.
3917 3767 4039 3827 263
4085 3765 4139 3827 R

895 3886 993 3967 (A.
1046 3886 1101 3949 V
1148 3886 1280 3967 34),
1334 3885 1408 3948 E.
1463 3885 1744 3963 XXIIII,
1798 3884 2166 3950 Sententiae
2212 3892 2459 3969 septem
2509 3886 2869 3970 sapientum
2928 3886 3023 3965 (A.
3077 3885 3173 3948 III
3224 3890 3277 3961 1,
3335 3887 3435 3963 2),
3491 3885 3896 3949 Tetrasticha
3940 3885 4142 3969 impe-

886 4012 1164 4068 ratorum
1222 4004 1402 4087 (XXI
1451 4007 1509 4082 2,
1574 4009 1812 4073 1—52:
1869 4008 1945 4067 77
1983 4009 2146 4088 sqq.)
2179 4058 2192 4085 ‚
2262 4026 2517 4070 carmen
2564 4006 2755 4069 Anth.
2810 4006 2921 4070 lat.
2975 4010 3098 4068 679
3131 4006 3217 4085 R,
3280 4004 3558 4088 denique
3603 4005 3668 4068 in
3717 4005 3878 4069 libro
3924 4005 4140 4069 ultimo

886 4125 1355 4209 epigrammata
1387 4124 1752 4205 quindecim
1797 4127 1891 4206 [A.
1929 4126 1984 4188 V
2025 4128 2324 4208 19—33).
2406 4126 2674 4205 Ludum,
2716 4126 3118 4209 Catalogum,
3162 4125 3505 4190 Periochas
3538 4146 3619 4190 ex
3650 4125 3943 4189 Parisino
3976 4127 4138 4187 8500

885 4244 1152 4309 fluxisse
1200 4244 1549 4328 scripturae
1600 4265 1915 4309 consensu
1962 4247 2334 4326 edocemur,
2404 4247 2737 4311 Mosellam
2785 4253 2849 4311 et
2894 4247 3078 4312 Caes.
3135 4254 3380 4311 tetrast.
3436 4266 3539 4310 vv.
3599 4249 3832 4323 1-52,
3890 4249 4138 4308 77-so

886 4365 1227 4449 descripsit
1271 4365 1584 4448 Vgoletus
1630 4385 1711 4430 ex
1757 4365 2189 4431 Laurentiano
2235 4367 2319 4430 LI
2373 4371 2468 4443 13,
2537 4373 2783 4431 tetrast.
2836 4388 2967 4453 vv„
2996 4371 3066 4431 81
3110 4386 3250 4448 sqq.
3304 4385 3383 4430 ex
3428 4366 3591 4430 libro
3638 4364 3926 4429 Parisino
3978 4367 4137 4427 1887

887 4485 1233 4565 simillimo,
1291 4485 1660 4551 Sententias
1707 4491 1953 4570 septem
1986 4487 2349 4570 sapientum
2383 4508 2462 4551 ex
2497 4486 2927 4552 Laurentiano
2959 4486 3277 4551 XXXVII
3308 4490 3409 4561 25,
3465 4485 3740 4569 denique
3772 4487 3847 4549 Ε.
3885 4484 4140 4548 XXIIII

885 4626 964 4670 ex
1014 4606 1443 4671 Laurentiano
1489 4605 1713 4669 XXIII
1760 4610 1864 4670 20.
1960 4607 2426 4690 epigrammata
2468 4608 2614 4687 illa,
2680 4627 2949 4690 quorum
2996 4613 3242 4691 septem
3302 4608 3591 4688 (19—25)
3650 4627 3685 4670 e
3731 4605 4140 4689 bybliotheca

887 4726 1149 4808 Georgii
1193 4726 1618 4792 Alexandrini
1678 4745 2016 4791 emanasse
2075 4727 2360 4811 dicit17),
2432 4728 2513 4791 ab
2561 4726 2843 4791 Ausonio
2901 4726 3117 4793 aliena
3176 4746 3321 4791 esse
3381 4727 3573 4791 evicit
3625 4726 3935 4808 Peiperus
3981 4726 4025 4788 l.
4080 4744 4131 4787 c.

887 4846 1005 4910 sed
1051 4847 1106 4910 si
1151 4845 1231 4910 de
1262 4846 1542 4911 Nurcisii
1589 4848 1691 4911 vel
1728 4848 1802 4910 B.
1843 4846 2129 4912 Merulae
2175 4846 2403 4912 fraude
2448 4847 2658 4912 adhuc
2705 4847 3005 4931 suspiciO,
3062 4848 3130 4912 in
3161 4847 3428 4929 Vgoleto
3475 4846 3601 4910 iam
3650 4853 3821 4911 certa
3864 4864 3969 4909 res
4017 4850 4131 4909 est.

887 4965 1122 5030 etenim
1183 4986 1307 5030 non
1366 4965 1684 5030 dubitavit
1740 4966 1850 5031 ille
1909 4966 2377 5050 epigrammata
2435 4967 2630 5032 Anth.
2695 4968 2808 5031 lat.
2863 4970 2984 5030 263
3041 4974 3105 5032 et
3150 4970 3273 5030 679
3333 4966 3420 5030 ad
3466 4967 3814 5031 Ausonium
3875 4965 4129 5042 referre,

887 5084 1006 5149 etsi
1067 5086 1338 5150 alterum
1400 5087 1580 5150 nulla
1625 5106 1880 5170 prorsus
1903 5139 1917 5168 ,
1984 5088 2256 5151 alterum
2304 5107 2385 5151 ea
2426 5093 2672 5152 tantum
2720 5087 2963 5151 ratione
3010 5087 3413 5151 coniunctum
3463 5094 3599 5152 erat
3643 5108 3785 5151 eum
3831 5084 4128 5161 Ausoni0,

886 5206 1056 5288 quod
1102 5206 1413 5288 Vgoletus
1476 5226 1618 5270 eum
1679 5227 1936 5271 carmen
1997 5207 2078 5272 de
2123 5213 2425 5289 quattuor
2469 5207 2618 5271 anni
2666 5207 3057 5292 temporibus
3105 5207 3560 5290 conscripsisse
3607 5206 3881 5285 sciebat,
3949 5204 4140 5269 simili

886 5325 1073 5390 modo
1132 5326 1496 5392 Sententias
1553 5333 1798 5412 septem
1858 5328 2221 5411 sapientum
2277 5328 2375 5409 (A.
2427 5328 2525 5390 III
2578 5330 2632 5410 1)
2700 5327 2881 5391 nulla
2937 5327 3070 5392 alia
3129 5326 3210 5392 de
3264 5347 3462 5393 eausa
3506 5326 3789 5393 Ausonio
3835 5324 4142 5392 adtribuit

1065 5621 1145 5681 16)
1185 5636 1313 5682 quae
1351 5624 1449 5670 fuit
1485 5622 1754 5673 Mediolani
1792 5628 1843 5672 in
1883 5627 2092 5673 fratrum
2128 5626 2567 5673 Dominieanorum
2606 5626 2927 5674 monasterie.

1064 5707 1143 5769 17)
1188 5708 1348 5771 ‘quae
1385 5709 1689 5758 seruntur
1724 5724 1979 5759 emanasse
2016 5725 2043 5759 e
2082 5712 2383 5760 bibliotheca
2420 5714 2477 5761 (ἰ.
2524 5712 2903 5760 Alexandriui'.
