4630 6435
1932 429 2388 484 PROOEMIVM.
3629 429 3790 493 XIII

527 654 593 717 in
655 654 976 738 proposito
1031 654 1428 738 permansio,
1499 654 1819 719 Ausonius
1877 654 2048 718 omni
2105 654 2296 719 amici
2359 651 2781 737 recuperandi
2844 672 2959 737 spe
3022 653 3278 719 abiecta
3336 673 3376 718 a
3427 653 3656 719 litteris
3701 652 3785 718 ad

533 795 677 839 eum
726 773 960 839 dandis
1006 773 1397 839 abstinuisse
1443 773 1719 839 videtur.

703 895 840 958 Iam
888 913 1031 959 cum
1075 892 1386 959 Paulinus
1431 914 1495 958 a.
1547 912 2014 959 ccoLxxxvnn
2076 900 2265 975 atque
2328 899 2396 958 ut
2446 892 2699 958 videtur
2742 898 2891 958 ante
2936 895 3342 977 aestatem&
3398 892 3590 958 huius
3634 893 3786 958 anni

532 1016 596 1079 in
642 1014 1024 1098 Hispaniam
1071 1014 1443 1096 secesserit,
1514 1034 1770 1079 carmen
1815 1014 1878 1077 X
1925 1021 2171 1080 aestate
2215 1013 2367 1078 anni
2415 1030 2858 1079 ccccxxxxm
2902 1013 3203 1097 scriptum
3268 1020 3368 1079 est
3426 1019 3620 1097 atque
3678 1034 3788 1079 eo-

531 1136 674 1201 dem
734 1155 938 1215 ann0,
1005 1141 1350 1217 antequam
1407 1134 1475 1200 in
1519 1134 1975 1199 Barcinonensi
2035 1133 2294 1200 civitate
2354 1135 2838 1218 presbyteratus
2900 1134 2960 1199 ei
3006 1134 3263 1199 oblatus
3307 1139 3406 1199 est
3451 1134 3591 1213 die,
3658 1155 3785 1216 quo

534 1255 870 1320 sollemnia
915 1254 1154 1319 Christi
1214 1254 1521 1320 natalicia
1579 1255 1904 1320 celebrata
1948 1257 2184 1339 suntffi)
2218 1307 2231 1337 ‚
2300 1274 2561 1320 carmen
2607 1254 2728 1318 XI.
2821 1254 3036 1338 itaque
3082 1254 3169 1320 ad
3213 1254 3403 1320 huius
3446 1255 3599 1319 anni
3646 1254 3787 1319 exi-

530 1381 663 1439 tum
708 1374 1065 1440 Ausonium
1110 1373 1310 1439 vitam
1356 1374 1735 1458 produxisse
1781 1381 1950 1440 certo
1996 1374 2255 1456 scimus,
2309 1373 2428 1440 sed
2472 1393 2596 1456 quo
2641 1379 2929 1457 tempore
2975 1380 3242 1440 mortem
3288 1375 3537 1456 obierit,
3592 1375 3786 1458 plane

532 1495 924 1579 ignoramus.

701 1616 880 1680 Haec
924 1615 1123 1697 igitur
1168 1615 1249 1680 de
1294 1614 1426 1679 vita
1470 1614 1760 1681 Ausonii.
1842 1636 1966 1698 quo
2012 1615 2271 1681 facilius
2318 1620 2532 1680 autem
2578 1613 3084 1699 intellegeretur,
3138 1635 3267 1698 qua
3311 1614 3787 1681 necessitudine

532 1742 594 1801 et
652 1735 908 1819 cognati
953 1743 1017 1801 et
1061 1735 1345 1819 adfines,
1414 1756 1679 1819 quorum
1723 1737 1782 1801 is
1826 1736 1893 1805 in
1937 1735 2388 1801 Parentalibus
2433 1735 2822 1801 mentionem
2868 1736 3053 1818 fecit,
3120 1758 3264 1801 cum
3310 1736 3424 1801 illo
3470 1735 3786 1801 coniuncti

532 1856 843 1937 fuissent,
896 1856 962 1920 in
1007 1856 1158 1935 hac,
1215 1876 1381 1938 quae
1427 1856 1745 1939 sequitur,
1800 1857 2022 1921 tabula
2067 1856 2329 1940 singula
2373 1876 2590 1921 eorum
2635 1856 2895 1921 nomina
2937 1855 3253 1941 adscripsi
3298 1856 3422 1937 ita,
3480 1862 3549 1920 ut
3592 1856 3784 1921 simul

530 1975 930 2059 cognationis
975 1983 1039 2041 et
1084 1975 1434 2041 adfinitatis
1479 1975 1721 2059 gradus
1764 1976 1833 2041 in
1877 1975 1970 2042 eis
2019 1975 2394 2058 digerendis
2440 1976 2747 2041 rationem
2794 1975 3119 2042 haberem.

705 2288 783 2349 15)
826 2289 1024 2337 Paulin.
1067 2303 1215 2338 carm.
1258 2287 1356 2337 XI
1400 2290 1586 2348 Quarta
1622 2290 1753 2337 redit
1788 2290 1927 2337 duris
1963 2290 2086 2337 haec
2123 2290 2221 2337 iam
2259 2289 2563 2337 messoribus
2600 2293 2781 2347 aestas,
2824 2291 2887 2339 cs.
2921 2290 3074 2340 Buse.
3112 2289 3221 2348 140,
3266 2290 3436 2337 Ebert.
3467 2288 3586 2338 285.
3651 2291 3784 2351 quod

529 2377 573 2425 si
608 2392 655 2424 v.
702 2374 795 2424 103
834 2377 959 2424 dicit
993 2376 1237 2424 Paulinus
1281 2378 1495 2426 ‘Defore
1529 2390 1609 2424 me
1645 2378 1826 2439 patriis
1861 2380 1964 2424 tota
2000 2377 2359 2424 trieteride
2395 2370 2581 2437 ωτι-ἰδ’,
2631 2376 2851 2425 Ausonii
2889 2378 3038 2424 verba
3074 2378 3130 2424 in
3168 2376 3414 2438 epistula,
3466 2390 3594 2438 quae
3630 2377 3786 2424 inter-

529 2462 681 2523 cidit,
722 2463 1005 2523 significare
1043 2463 1260 2512 videtur.

705 2545 783 2609 16)
826 2549 893 2596 cf.
933 2548 1082 2596 Buse.
1132 2545 1245 2598 192.
