4630 6435
695 440 810 500 126
2162 436 2410 494 AVSON
2418 439 2469 492 11

1226 651 1250 689 5
1360 630 1621 693 Bissula
1666 629 1733 693 in
1778 629 1900 693 hoe
1944 628 2208 693 sehedio
2253 629 2649 694 cantabitur:
2705 636 2897 712 utque
2945 630 3242 696 Cratinus

1531 732 1842 797 admoneo
1888 739 2037 798 ante
2084 732 2288 797 bibas.

1356 834 1592 900 ieiunis
1637 835 1726 899 nil
1775 835 2001 900 scribo.
2098 855 2310 901 meum
2358 842 2502 920 post
2546 837 2777 920 poeula
2824 836 2878 901 si
2924 838 3067 920 quis

1533 939 1794 1022 legerit,
1847 939 1951 1004 hie
1997 939 2227 1023 sapiet.
2500 949 2529 958 ·

1359 1044 1473 1108 sed
1519 1042 1728 1125 magis
1773 1042 1877 1107 hie
1923 1042 2164 1125 sapiet,
2222 1041 2276 1107 si
2324 1042 2626 1108 dormiet:
2683 1049 2749 1108 et
2789 1050 2972 1128 putet
3017 1044 3143 1109 ista

1195 1166 1251 1205 ιο
1532 1145 1778 1209 somnia
1823 1145 2022 1210 missa
2067 1145 2211 1209 sibi.

776 1437 845 1504 4.
907 1440 1048 1503 VBI
1095 1439 1327 1502 NATA
1374 1440 1509 1503 SIT
1555 1441 1910 1505 BISSVLA
1957 1441 2070 1505 ET
2115 1439 2286 1517 QVO
2334 1442 2573 1509 MODO
2619 1443 2709 1507 IN
2758 1442 3047 1506 MANVS
3093 1442 3405 1509 DOMINI
3453 1443 3851 1508 VENERIT.

1358 1612 1650 1693 Bissula,
1703 1620 1879 1678 trans
1925 1612 2211 1696 gelidum
2260 1615 2458 1699 stirpe
2506 1622 2572 1682 et
2615 1617 2748 1680 lare
2795 1621 3054 1699 prosata
3098 1614 3428 1695 Rhenum,
3839 1624 3945 1674 328

1535 1716 1792 1780 conseia
1838 1717 2164 1781 nascentis
2212 1717 2474 1783 Bissula
2517 1719 2833 1798 Danuvii,

1360 1825 1547 1903 capta
1591 1840 1820 1899 manu,
1876 1820 1992 1884 sed
2038 1821 2241 1885 missa
2287 1842 2482 1885 manu
2532 1822 2897 1886 dominatur
2939 1820 3007 1884 in
3053 1820 3193 1885 eius

1531 1923 1813 1999 deliciis,
1867 1925 2050 1988 euius
2094 1925 2332 1990 bellica
2379 1926 2622 2009 praeda
2667 1924 2806 1990 fuit.

1225 2048 1250 2086 5
1358 2032 1560 2092 matre
1607 2046 1866 2107 earenS,
1920 2028 2186 2092 nutricis
2232 2049 2469 2112 egenS,
2522 2028 2732 2094 nescit
2779 2028 3055 2113 (tamen)
3105 2048 3254 2094 erae

1529 2130 1870 2214 imperium
1922 2181 3238 2197 ...................

1357 2233 1648 2298 fortunae
1693 2254 1770 2297 ae
1815 2235 2063 2318 patriae
2111 2255 2276 2317 quae
2323 2236 2505 2300 nulla
2550 2235 2888 2319 obprobria
2933 2234 3173 2315 sensit,

1529 2337 1676 2401 ilico
1721 2338 2054 2420 inexperto
2101 2337 2305 2402 libera
2350 2338 2641 2420 servitiO‚

1357 2440 1450 2505 sie
1499 2440 1702 2505 Latiis
1749 2447 1994 2505 mutata
2037 2441 2260 2522 bonis,
2315 2441 2640 2506 Germana
2686 2448 2975 2506 maneret

1193 2563 1249 2603 ιο
1528 2550 1597 2608 ut
1644 2542 1880 2624 faciest,
1933 2545 2151 2609 oeulos
2197 2546 2494 2628 caerula,
2545 2544 2718 2609 flava
2763 2564 3000 2610 eomas.

1356 2646 1726 2729 ambiguam
1772 2648 1961 2713 modo
2011 2648 2235 2732 lingua
2281 2647 2477 2732 facit,
2532 2650 2719 2714 modo
2765 2648 2970 2714 forma
3015 2649 3336 2733 puellam:

1530 2750 1691 2816 haee
1737 2751 1963 2816 Rheno
2009 2752 2294 2835 genitam
2342 2752 2708 2837 praedicat,
2764 2753 2925 2818 haee
2971 2753 3176 2817 Latio.

2013 3009 2078 3074 5.
2128 3009 2240 3072 DE
2288 3010 2613 3075 EADEM.

1361 3180 1718 3264 Delicium,
1772 3181 2160 3262 blanditiae,
2216 3182 2449 3263 ludus,
2503 3201 2715 3267 amor,
2768 3183 3103 3267 voluptaS,
3848 3192 3951 3244 329

1355 3285 1669 3368 barbara,
1724 3286 1839 3351 sed
1886 3307 2054 3369 quae
2102 3287 2323 3352 Latias
2368 3287 2574 3351 vineis
2620 3288 2885 3352 alumna
2929 3306 3169 3370 pupas,

1356 3389 1649 3470 Bissula,
1702 3409 1932 3455 nomen
1976 3396 2239 3455 tenerae
2287 3390 2660 3455 rusticulum
2709 3390 3007 3474 puellae,

1355 3493 1748 3558 horridulum
1793 3511 1922 3557 non
1967 3492 2204 3572 solitis,
2260 3493 2378 3559 sed
2424 3493 2681 3558 domino
2731 3500 3093 3558 venustum.

1430 3734 1496 3800 6.
1543 3733 1660 3798 AD
1707 3733 2142 3799 PICTOREM
2187 3733 2304 3796 DE
2352 3733 2766 3799 BISSVLAE
2810 3732 3204 3797 IMAGINE.

1361 3906 1622 3971 Bissula
1666 3926 1785 3971 neo
1832 3905 1994 3971 eeris
2040 3927 2159 3971 neo
2206 3905 2352 3971 fuco
2399 3905 2732 3971 imitabilis
2779 3906 2909 3970 ullo
3844 3918 3950 3966 330

1359 4009 1652 4075 naturale
1699 4009 1898 4075 decus
1944 4009 2132 4074 fictae
2175 4030 2303 4074 non
2350 4008 2710 4074 commodat
2754 4009 2895 4074 arti.

863 4288 892 4335 5
931 4288 1049 4335 Hor.
1091 4287 1257 4348 Epist.
1298 4289 1321 4334 1
1366 4286 1447 4347 19,
1493 4285 1510 4334 1
1545 4301 1655 4349 sqq.
1695 4288 1863 4336 Prisco
1900 4289 1942 4336 si
1980 4288 2160 4350 credis,
2201 4288 2464 4336 Maecenas
2499 4289 2660 4350 docte,
2705 4289 2924 4349 Cratiuo,
2968 4290 3112 4337 nulla
3147 4288 3341 4351 plaeere
3378 4290 3467 4337 diu
3504 4303 3597 4336 nee
3632 4291 3802 4337 vivere
3839 4305 3953 4338 ear-

693 4376 832 4422 mina
867 4379 1097 4436 possunt,
1137 4388 1264 4434 quae
1302 4374 1592 4421 scribuntur
1627 4388 1784 4434 aquae
1819 4375 2081 4434 potoribus
2127 4378 2283 4434 (quem
2321 4373 2547 4422 dativum
2584 4373 2826 4422 commodi
2860 4388 2958 4422 esse
2994 4376 3228 4434 opinatus
3263 4379 3333 4422 est
3371 4375 3644 4438 Ausonius)

860 4455 921 4510 4.
994 4459 1025 4509 2
1064 4462 1248 4510 Lucan.
1291 4459 1314 4506 1
1353 4459 1419 4509 20
1457 4463 1509 4507 et
1544 4473 1668 4519 gens
1706 4461 1748 4507 si
1785 4474 1884 4521 qua
1920 4461 2047 4508 iacet
2084 4460 2312 4508 nascenti
2350 4461 2545 4508 conseia
2583 4460 2696 4509 Nilo
3745 4485 3751 4489 -

861 4543 922 4598 6.
948 4552 1000 4593 et
1030 4542 1085 4597 ⁴2.
1158 4548 1222 4594 cs.
1254 4546 1602 4594 Anacreontic.
1639 4545 1701 4595 16
1732 4551 1783 4593 et
1811 4545 1871 4594 17
1899 4546 1956 4595 R.
2172 4542 2233 4597 6.
2310 4545 2332 4593 1
2375 4546 2559 4595 Anacr.
2592 4544 2676 4606 16,
2708 4544 2738 4594 8
2951 4545 2980 4593 5
3017 4546 3142 4594 ibid.
3171 4545 3236 4595 23
3309 4549 3459 4609 Verg.
3492 4548 3624 4597 Aen.
3654 4548 3751 4596 111
3778 4546 3845 4598 68
3872 4564 3949 4610 sq.

863 4806 893 4853 5
930 4806 1069 4854 sedio
1101 4806 1157 4868 T,
1198 4806 1362 4853 soedio
1387 4809 1476 4852 eet.
1692 4809 1781 4852 aut
1817 4804 2042 4851 erasinus
2067 4802 2229 4864 codd„
2273 4807 2432 4863 utque
2467 4803 2705 4852 Cratinus
2732 4803 2791 4850 R.
2825 4805 3142 4865 Deuimeriaq
3183 4806 3478 4864 &capturam
3513 4805 3751 4854 traditam
3783 4810 3955 4854 tuetur

691 4891 763 4940 Μ.
794 4893 942 4941 Hertz
977 4892 1133 4941 Anal.
1180 4891 1247 4938 ad
1272 4905 1423 4939 carun.
1454 4890 1578 4939 Hor.
1606 4890 1717 4939 hiat.
1747 4890 1871 4936 1111
1892 4892 1975 4951 16,
2008 4890 2040 4935 2
2250 4888 2281 4938 6
2319 4902 2578 4938 ammoneo
2614 4889 2673 4936 Μ
2879 4889 2909 4938 7
2947 4890 3149 4937 ieiunus
3188 4890 3234 4935 T
3442 4892 3473 4940 9
3510 4887 3585 4957 et]
3621 4896 3680 4939 ut
3715 4892 3953 4940 Heinsius

860 4973 921 5028 4·
993 4979 1171 5025 lemma
1208 4980 1263 5026 in
1305 4977 1409 5039 TE,
1449 4991 1548 5026 om.
1589 4980 1677 5028 eet.
1907 4978 1970 5025 D.
2011 4976 2225 5024 Ausonii
2262 4975 2482 5026 Bissula.
2541 4976 2643 5023 Vbi
2681 4980 2799 5024 nata
2836 4976 2902 5023 sit
2939 4981 2992 5024 et
3030 5011 3041 5022 .
3076 5011 3087 5022 .
3121 5012 3133 5024 .
3176 4975 3342 5036 Luyd.
3373 4980 3517 5037 volyo
3744 4978 3765 5026 1
3808 4985 3951 5026 tran-

685 5066 858 5124 gelidii
889 5065 930 5111 Τ
1134 5064 1370 5128 prosatha
1395 5077 1573 5112 renum
1606 5063 1647 5108 Τ
1854 5061 1885 5110 3
1923 5076 2101 5110 munus
2128 5062 2216 5109 sed
2246 5060 2303 5108 Μ
2509 5061 2539 5109 5
2577 5062 2789 5110 nutrlcis
2819 5061 2860 5107 T
2885 5061 2948 5122 (tr
2976 5075 3034 5108 ex
3058 5062 3209 5122 corr.)
3425 5064 3589 5110 nescit
3612 5076 3694 5110 ere
3727 5064 3865 5126 (here
3890 5080 3947 5129 χ,

691 5152 915 5199 nesciuit
948 5151 1100 5200 herae
1140 5151 1199 5212 E)
1241 5151 1507 5212 imperium
1535 5165 1610 5211 ω,
1664 5150 1848 5196 lacuna
1884 5150 1938 5195 in
1979 5149 2050 5196 Tv
2086 5150 2398 5211 siqnificata,
2452 5149 2665 5195 nescivit
2702 5147 2838 5194 herai
2874 5148 3143 5208 imperium
3189 5147 3278 5207 Uy.
3319 5150 3477 5208 υοιρο,
3538 5150 3754 5196 nescivit
3789 5148 3952 5197 herile

689 5238 956 5298 imperium
995 5236 1148 5297 Soet„
1203 5237 1365 5285 nescit
1414 5242 1582 5284 tamen
1634 5249 1746 5282 erae
1794 5236 2059 5298 imperium
2107 5237 2275 5295 scripsi
2555 5233 2583 5281 7
2622 5235 2822 5281 obrobia
2858 5238 2916 5282 tu
2960 5234 3002 5279 Τ
3044 5233 3118 5295 (tu
3155 5233 3250 5284 del.
3292 5232 3383 5296 m1)
3667 5233 3699 5283 8
3737 5235 3868 5282 illico
3905 5250 3949 5282 ω

691 5322 751 5371 12
789 5301 942 5372 rheno
985 5322 1026 5368 T

864 5405 925 5460 5·
996 5410 1071 5457 De
1107 5410 1279 5458 eadem
1318 5411 1512 5459 bissula
1548 5409 1762 5458 laudans
1798 5422 1907 5455 enm
1952 5408 1991 5453 Τ
2032 5410 2105 5468 (in
2138 5421 2237 5466 my.
2278 5406 2453 5468 minio)
2495 5406 2565 5468 E,
2620 5406 2696 5454 De
2733 5407 2904 5454 eadem
2942 5407 3135 5454 bissula
3169 5422 3216 5465 v,
3267 5405 3345 5453 De
3384 5407 3574 5454 bissula
3607 5420 3711 5464 mu,
3750 5407 3954 5454 nullum

687 5498 870 5545 lemma
907 5495 966 5541 M
1176 5494 1198 5543 1
1240 5496 1419 5544 blande
1463 5497 1503 5542 T
1712 5507 1845 5542 amor
1895 5500 2045 5555 atque
2091 5494 2322 5555 uoluptas
2367 5492 2407 5538 Τ
2615 5490 2645 5540 2
2683 5493 2770 5540 sed
2808 5506 2905 5540 om.
2953 5493 2993 5539 Τ
3200 5494 3389 5540 alunna
3430 5492 3472 5538 T
3678 5496 3787 5552 post
3827 5508 3877 5539 υ.
3921 5491 3954 5540 2

687 5584 843 5631 minio
880 5581 943 5629 de
979 5581 1152 5631 eadem
1195 5582 1236 5628 Τ
1485 5581 1515 5630 3
1552 5576 1695 5631 tefre
1739 5580 1780 5626 Τ
1820 5579 1893 5640 (in
1926 5595 2025 5640 my.
2068 5574 2206 5641 nie),
2261 5585 2394 5627 terre
2433 5579 2573 5640 th,
2629 5584 2790 5627 terrae
2826 5583 2940 5638 cen,
2981 5585 3184 5627 tenerae
3227 5574 3374 5627 ναι*
3626 5578 3659 5626 4
3697 5578 3860 5628 solitis
3899 5577 3961 5625 Μ

704 5670 726 5716 i
824 5706 835 5717 .
876 5682 935 5716 ex
972 5683 1003 5716 u

690 5672 702 5731 (
755 5683 820 5730 P'
858 5751 919 5806 6.
977 5668 1054 5802 D)e
1081 5754 1300 5803 bissulae
1329 5754 1539 5816 (bissula
1565 5758 1616 5801 et
1637 5753 1743 5815 mu)
1773 5752 1991 5812 imagine
2018 5752 2077 5799 ad
2103 5753 2342 5812 pictorem
2369 5766 2408 5814 χ
2586 5749 2607 5798 1
2642 5765 2708 5798 ne
2733 5751 2857 5798 ceris
2886 5748 2941 5796 Μ
3095 5751 3355 5798 mutabilis
3387 5751 3428 5797 T
3604 5749 3636 5799 2
3660 5750 3886 5799 comodat
3915 5751 3960 5798 T
