4630 6435
747 5137 922 5193 ‘26

854 455 1063 519 LVIII
2245 455 2571 509 PROOEMI
2584 455 2678 508 VM
2691 497 2702 509 .

858 683 1074 743 menta
1131 686 1511 761 tractantur,
1585 679 1902 744 disiuncta
1959 686 2438 763 transponerem
2486 685 2551 744 et
2593 699 2707 760 ea,
2771 699 2939 761 quae
2983 678 3050 744 in
3096 678 3416 745 Vossiano
3461 680 3598 745 solo
3642 680 3974 764 leguntur,
4042 679 4107 746 id

860 820 1067 882 genus
1114 800 1400 866 carmina
1442 800 1790 866 insererem
1805 802 1879 883 ²).

1031 921 1128 985 Ex
1175 921 1547 1005 Symmachi
1592 920 1884 1004 epistulis
1931 940 2121 985 unam
2179 919 2229 1002 (I
2282 923 2376 998 14)
2433 919 2679 1005 recepi,
2734 939 2928 1001 quam
2973 919 3101 984 iam
3147 919 3215 984 in
3261 919 3616 1004 archetypo
3662 919 3865 986 fuisse
3911 922 4107 986 libro-

857 1062 996 1105 rum
1047 1047 1152 1104 GB
1194 1040 1555 1106 testimonio
1603 1040 1960 1105 confirmari
2004 1040 2291 1120 videtur,
2352 1040 2435 1104 ab
2482 1038 2769 1104 Ausonio
2815 1039 3080 1104 carmini
3126 1039 3207 1105 de
3252 1039 3527 1105 Mosella
3574 1038 3929 1122 adiectam,
3986 1041 4098 1121 eis,

856 1183 1021 1245 quae
1065 1163 1131 1228 in
1177 1162 1489 1227 Vossiano
1536 1168 1600 1225 et
1642 1160 1932 1225 Parisino
1979 1167 2221 1240 extant,
2274 1160 2304 1223 I
2353 1163 2431 1246 253
2481 1166 2546 1225 ct
2592 1163 2692 1242 31,
2748 1160 3040 1240 omissis5
3116 1160 3271 1225 item
3318 1159 3504 1225 omisi
3548 1160 3800 1226 Paulini
3847 1160 3933 1226 ad
3976 1163 4109 1226 Au-

857 1286 1103 1351 sonium
1164 1283 1507 1368 epistulas,
1578 1290 1641 1347 et
1686 1282 1998 1347 Vossiano
2044 1287 2110 1346 et
2153 1279 2441 1345 Parisino
2485 1280 2791 1361 traditas,
2861 1280 3116 1346 Paulini
3161 1280 3546 1361 orationem,
3617 1300 3786 1363 quae
3832 1280 3900 1345 in
3946 1280 4109 1346 Vos-

857 1406 1039 1471 siano
1096 1406 1230 1470 solo
1290 1404 1543 1487 legitur.
1637 1423 1764 1467 non
1823 1423 1972 1466 vero
2032 1421 2262 1485 negem
2318 1401 2451 1466 iam
2503 1401 2854 1482 antiquitus
2899 1399 3017 1466 has
3064 1400 3430 1483 Symmachi
3478 1401 3793 1484 epistulas
3841 1408 3906 1465 et
3949 1401 4105 1466 haec

857 1525 1110 1590 Paulini
1168 1524 1455 1589 carmina
1510 1524 1577 1587 in
1638 1542 1896 1606 corpore
1954 1522 2100 1600 illc,
2171 1542 2253 1586 ex
2312 1541 2437 1602 quo
2500 1527 2801 1604 excerpta
2846 1521 2912 1585 in
2958 1520 3271 1585 Vossiano
3316 1528 3381 1585 et
3426 1520 3716 1586 Parisino
3762 1519 4094 1601 fluxerunt,

856 1645 1077 1710 fuisse.
1173 1665 1321 1709 nam
1368 1643 1562 1709 facile
1607 1642 1744 1706 fieri
1791 1642 2012 1726 potuit,
2069 1648 2137 1706 ut
2182 1641 2258 1722 is,
2311 1640 2422 1723 qui
2470 1641 2636 1704 hanc
2666 1640 2962 1723 syllogen
2993 1641 3413 1718 concinnavit,
3469 1641 3724 1706 libellos
3765 1641 3914 1706 illos
3944 1641 4106 1706 inter

856 1765 1110 1830 chartas
1167 1766 1249 1829 ab
1295 1763 1578 1829 Ausonio
1637 1763 1895 1828 relictas
1952 1761 2245 1827 inventos
2302 1761 2451 1826 huic
2510 1761 2801 1843 syllogae
2858 1760 3166 1826 adiceret.
3262 1761 3327 1826 id
3387 1760 3556 1845 quod
3609 1761 3691 1827 de
3738 1761 4105 1845 Symmachi

857 1886 1154 1971 epistulis
1202 1907 1278 1951 eo
1324 1885 1458 1951 veri
1504 1884 1778 1950 similius
1823 1904 1966 1949 esse
2013 1883 2282 1964 videtur,
2341 1883 2527 1966 quod,
2584 1883 2640 1947 si
2686 1902 2799 1948 eas
2845 1902 2927 1947 ex
2971 1882 3223 1965 integro
3268 1882 3642 1966 Symmachi
3688 1882 4103 1966 epistularum

854 2027 1115 2091 corpore
1159 2005 1568 2090 depromptas
1615 2025 1759 2070 esse
1806 2004 2167 2085 statuimus,
2219 2003 2392 2068 haud
2439 2002 2630 2068 facile
2661 2001 3076 2085 intellegitur,
3132 2022 3245 2067 cur
3274 2002 3397 2068 hae
3431 2001 3834 2087 potissimum
3866 2002 4106 2067 electae

856 2128 984 2192 sint
1028 2125 1194 2206 aliis,
1249 2146 1417 2209 quae
1461 2125 1613 2190 illas
1660 2132 1724 2189 et
1768 2144 1978 2188 rerum
2027 2124 2344 2205 gravitate
2391 2130 2456 2187 et
2501 2121 2760 2186 dicendi
2807 2128 3032 2186 ornatu
3080 2122 3271 2205 longe
3319 2129 3643 2207 superant,
3697 2122 4030 2205 neglectis.

1029 2246 1101 2309 In
1147 2245 1567 2329 appendicem
1616 2245 1806 2310 reieci
1846 2243 2207 2322 Periochas,
2263 2243 2564 2325 eglogam
2612 2242 2692 2307 de
2743 2242 2905 2307 rosis
2950 2243 3381 2320 nascentibus,
3439 2242 3698 2326 Septem
3747 2242 4103 2326 sapientum

855 2365 1240 2447 sententias,
1312 2364 1573 2431 Catonis
1635 2365 1716 2430 de
1775 2365 1979 2430 musis
2040 2383 2291 2440 versus,
2362 2362 2641 2444 (lenique
2703 2363 3172 2446 epigrammata
3234 2362 3486 2427 novicia
3532 2382 3573 2426 a
3618 2361 4105 2428 Bartholomaeo

860 2488 1110 2552 Merula
1154 2486 1431 2569 aliisque
1478 2485 1644 2551 falso
1691 2485 1974 2551 Ausonio
2019 2485 2277 2550 tributa.

1028 2606 1158 2672 Sed
1203 2627 1329 2688 quo
1374 2606 1647 2685 facilius,
1702 2627 1869 2690 quae
1914 2607 1980 2670 in
2026 2605 2471 2689 opusculorum
2520 2603 2915 2685 singulorum
2963 2602 3382 2688 dispositione
3430 2603 3597 2669 inter
3640 2603 3807 2668 hanc
3837 2610 3902 2668 et
3933 2603 4096 2668 Sou-

859 2726 1044 2791 chaei
1091 2725 1435 2790 editionem
1480 2726 1642 2791 ratio
1685 2725 2058 2804 intercedat,
2115 2730 2555 2806 cognoscatur,
2611 2724 2779 2788 hanc
2823 2724 3107 2788 tabulam
3157 2723 3512 2807 adponam:

852 2898 942 2951 ed.
986 2898 1261 2953 Souchaei
1522 2899 1612 2952 ed.
1655 2903 1845 2953 nostra
1955 2898 2044 2951 ed.
2087 2897 2363 2952 Souchaei
2626 2896 2716 2949 ed.
2758 2900 2949 2948 nostra
3030 2896 3149 2949 led.
3192 2893 3468 2948 Souchaei
3733 2895 3822 2948 ed.
3862 2900 4051 2949 nostra

894 2987 910 3035 1
1522 3002 1550 3033 8
1617 2987 1633 3035 1
1956 2987 2022 3035 29
2627 2999 2672 3032 8.
2715 2981 2774 3031 31
3063 2983 3124 3031 57
3548 3002 3557 3029 :
3732 2999 3777 3032 e.
3821 2984 3885 3032 55

888 3072 918 3121 2
1523 3088 1569 3121 8.
1613 3073 1643 3120 3
1957 3075 2021 3122 30
2629 3087 2674 3121 e.
2718 3072 2782 3119 30
3063 3070 3126 3118 58
3546 3088 3556 3117 ε
3732 3085 3777 3119 e.
3819 3069 3886 3119 56

887 3159 917 3207 3
1524 3177 1567 3212 e.
1612 3164 1643 3212 4
1957 3162 2012 3210 31
2629 3173 2675 3208 e.
2717 3159 2780 3207 32
3061 3157 3127 3205 59
3546 3175 3557 3204 ι
3731 3172 3775 3208 e.
3819 3157 3883 3206 57

885 3246 918 3294 4
1526 3266 1554 3298 e
1615 3251 1645 3298 5
1958 3246 2023 3296 32
2629 3259 2674 3295 e.
2717 3245 2781 3293 33
3061 3244 3126 3293 60
3545 3262 3557 3292 t
3733 3259 3776 3293 ο.
3822 3243 3887 3292 53

885 3333 915 3381 5
1526 3350 1553 3383 e
1613 3335 1644 3383 6
1959 3336 2024 3386 33
2629 3346 2675 3379 e.
2718 3331 2782 3379 34
3063 3329 3120 3377 61
3549 3348 3558 3377 ;
3733 3332 3797 3377 A.
3839 3331 3883 3376 v
3920 3330 3982 3378 27

887 3418 918 3466 6
1524 3436 1569 3471 e.
1621 3438 1634 3469 ι
1958 3424 2022 3472 34
2629 3430 2673 3465 e.
2718 3416 2783 3464 35
3062 3415 3125 3463 62
3548 3434 3558 3462 2
3731 3417 3795 3463 A.
3839 3414 3883 3459 v
3918 3414 3982 3464 28

891 3504 918 3551 7
1526 3510 1587 3557 A.
1631 3509 1676 3553 v
1714 3507 1778 3556 35
1959 3508 2023 3558 35
2632 3502 2777 3550 xvn
2816 3500 2873 3549 31
3062 3501 3126 3550 63
3548 3519 3559 3549 t
3734 3503 3795 3549 A.
3839 3502 3884 3548 v
3921 3500 3985 3549 29

892 3591 922 3639 8
1525 3616 1570 3649 e.
1613 3600 1643 3650 8
1959 3596 2024 3646 36
2631 3603 2677 3638 e.
2718 3586 2784 3637 26
3063 3586 3126 3635 64
3550 3604 3559 3615 -
3735 3600 3779 3635 e.
3821 3585 3888 3635 59

891 3679 922 3727 9
1525 3704 1570 3738 e.
1614 3688 1644 3737 2
1958 3686 2021 3735 37
2631 3690 2677 3726 e.
2720 3675 2783 3723 25
3064 3674 3129 3722 65
3736 3687 3782 3722 e.
3823 3672 3889 3722 60

862 3765 923 3813 ¹0
1528 3790 1572 3825 e.
1615 3775 1648 3822 9
1747 3748 1750 3749 ⁷
1958 3771 2023 3822 38
2630 3777 2673 3812 e.
2718 3762 2780 3812 27
3064 3761 3129 3809 66
3737 3774 3782 3808 e.
3823 3759 3881 3808 61

860 3850 916 3899 11
1526 3876 1569 3909 e.
1617 3861 1678 3909 10
1959 3858 2024 3907 39
2631 3865 2673 3899 ο.
2720 3849 2785 3898 36
3064 3847 3127 3895 67
3735 3860 3779 3895 ο.
3823 3844 3891 3894 62

861 3935 921 3984 12
1526 3961 1571 3994 e.
1617 3946 1670 3994 11
1957 3943 2022 3992 40
2632 3952 2676 3984 e.
2720 3935 2782 3983 37
3063 3932 3128 3980 63
3735 3944 3779 3980 e.
3823 3930 3887 3979 63

860 4020 919 4070 13
1524 4046 1570 4081 e.
1616 4032 1677 4080 12
1957 4030 2017 4078 41
2630 4037 2675 4070 e.
2720 4021 2784 4070 38
3063 4016 3128 4066 69
3734 4030 3779 4064 e.
3823 4015 3887 4063 64

861 4107 923 4155 14
1528 4133 1571 4167 e.
1618 4118 1678 4167 13
1959 4115 2023 4164 42
2631 4124 2674 4158 e.
2720 4107 2784 4156 52
3066 4103 3132 4152 70
3736 4117 3780 4150 e.
3823 4101 3888 4151 65

860 4192 921 4241 15
1341 4212 1351 4241 =
1527 4218 1572 4254 e.
1619 4203 1679 4252 14
1960 4203 2023 4251 43
2636 4197 2696 4244 A.
2740 4196 2783 4240 v
2822 4194 2849 4241 7
3066 4188 3124 4236 71
3737 4202 3783 4235 e.
3825 4185 3886 4235 67

860 4279 921 4329 16
1527 4305 1570 4338 e.
1619 4290 1680 4338 15
1960 4290 2021 4337 44
2632 4298 2675 4331 e.
2720 4281 2785 4331 40
3066 4274 3130 4322 72
3736 4289 3779 4324 e.
3824 4274 3890 4324 68

859 4367 918 4416 1⁷
1528 4392 1574 4425 ο.
1620 4376 1680 4425 16
1959 4376 2023 4426 45
2631 4383 2677 4417 e.
2719 4368 2777 4417 41
3067 4360 3130 4408 73
3735 4376 3780 4409 e.
3823 4359 3889 4407 69

859 4453 921 4503 18
1527 4477 1572 4511 e.
1621 4461 1678 4509 17
1958 4461 2024 4509 46
2632 4471 2677 4502 e.
2719 4453 2785 4502 42
3066 4447 3129 4496 74
3735 4461 3780 4494 e.
3824 4446 3889 4494 70

859 4538 921 4588 Ῑ9
1524 4563 1567 4596 8.
1617 4546 1677 4596 18
1959 4546 2022 4595 47
2633 4555 2676 4587 e.
2719 4540 2784 4587 43
3066 4533 3129 4580 75
3736 4546 3781 4579 8.
3827 4530 3882 4579 71

855 4624 921 4673 2⁰
1526 4648 1571 4682 e.
1620 4632 1681 4681 19
1960 4633 2025 4681 43
2634 4641 2677 4674 e.
2721 4624 2785 4673 44
3068 4618 3131 4669 76
3735 4631 3781 4665 e.
3822 4615 3888 4665 72

855 4710 913 4759 21
1526 4733 1571 4766 e.
1615 4717 1680 4766 20
1959 4718 2025 4768 49
2632 4727 2675 4759 e.
2718 4711 2784 4759 45
3066 4704 3126 4753 77
3735 4717 3780 4750 e.
3824 4701 3891 4752 30

855 4797 921 4846 22
1525 4806 1588 4853 A.
1632 4804 1677 4849 v
1720 4804 1772 4852 11
1961 4805 2025 4853 50
2633 4812 2680 4845 e.
2721 4795 2786 4845 46
3067 4790 3129 4839 73
3737 4806 3781 4837 0.
3821 4789 3880 4838 81

857 4884 921 4933 23
1525 4905 1570 4937 e.
1614 4889 1671 4938 21
1959 4892 2014 4940 51
2632 4898 2676 4931 8.
2719 4882 2782 4930 47
3066 4877 3130 4925 79
3737 4890 3781 4923 e.
3824 4874 3888 4924 82

855 4971 921 5019 24
1526 4990 1569 5025 e.
1614 4975 1678 5024 22
1960 4977 2024 5026 52
2631 4985 2678 5017 e.
2721 4969 2787 5016 48
3066 4964 3130 5013 80
3735 4977 3782 5010 e.
3823 4960 3889 5009 83

856 5057 922 5105 25
1525 5078 1568 5110 8.
1615 5061 1678 5110 23
1959 5062 2023 5112 53
2631 5074 2676 5108 8.
2719 5058 2785 5105 49
3066 5050 3121 5101 81
3738 5062 3780 5096 8.
3822 5046 3890 5095 84

1525 5163 1569 5196 8.
1612 5146 1678 5195 24
1960 5146 2023 5195 54
2632 5160 2677 5193 8.
2721 5144 2785 5191 50
3066 5136 3129 5184 82
3736 5146 3781 5180 8.
3822 5131 3886 5180 85

854 5229 918 5279 27
1525 5247 1570 5282 e.
1613 5232 1679 5280 23
1959 5233 2023 5280 55
2631 5244 2676 5277 e.
2721 5229 2784 5277 53
3067 5223 3130 5273 83
3735 5232 3779 5266 e.
3821 5217 3886 5267 36

855 5317 920 5366 23
1526 5333 1571 5369 e.
1615 5317 1679 5366 29
1960 5317 2024 5365 56
2632 5331 2677 5364 e.
2720 5315 2785 5363 54
3067 5309 3132 5358 34
3735 5318 3780 5352 0.
3822 5302 3886 5351 37

1029 5594 1080 5655 2)
1122 5598 1403 5643 Ausonium
1439 5595 1576 5641 enim
1614 5597 1666 5641 in
1707 5597 2098 5655 epigrammaton
2135 5595 2258 5641 libro
2294 5608 2351 5641 811
2388 5594 2637 5653 carmina,
2691 5592 2877 5652 quibus
2914 5590 3114 5637 easdem
3152 5589 3229 5636 vel
3269 5587 3460 5636 similes
3501 5600 3578 5633 183
3615 5589 3937 5646 tractaverat,
3980 5583 4114 5632 inter

850 5697 904 5731 se
951 5683 1279 5730 coniunxisse
1326 5683 1495 5743 potius
1540 5695 1689 5743 quam
1740 5683 2051 5729 disiunxisse
2097 5681 2298 5728 disertis
2349 5682 2637 5727 lemmatum
2687 5677 3022 5737 testimoniis,
3077 5676 3238 5722 veluti
3272 5675 3328 5720 111
3366 5686 3411 5720 8.
3456 5671 3623 5731 XXV,
3664 5670 3856 5731 XXVI,
3900 5669 4103 5718 XXVII

853 5770 1120 5819 evincitur.
