4630 6435
1589 454 1836 509 LVDVS
1875 452 2163 507 SEPTEM
2204 453 2635 509 SAPIENTVM
2684 456 2851 518 (XX).
3733 456 3841 522 111

1267 644 1559 709 Romana
1605 643 1697 710 sic
1743 651 1840 710 est
1883 664 2008 708 vox
2051 644 2281 711 Venito
2326 645 2392 710 in
2436 652 2741 731 tempore.
3310 670 3334 708 5

1267 754 1481 813 vester
1525 768 1775 832 quoque
1826 748 2110 833 (itidem)
2161 749 2439 814 comicus
2485 750 2826 815 Terentius

1265 871 1476 942 rerum
1523 851 1802 916 omnium
1851 871 1997 916 esse
2039 852 2314 936 primum
2362 859 2618 936 tempus
2667 859 2982 933 autumat,

1263 954 1351 1018 ad
1397 955 1795 1038 Antiphilam
1843 974 2033 1036 quom
2079 962 2345 1020 venerat
2390 975 2612 1020 servus
2660 956 2895 1021 Dromo

1060 1075 1155 1116 2ιο
1263 1058 1442 1121 nullo
1487 1057 1868 1141 inpeditam,
1923 1058 2227 1142 temporis
2275 1078 2541 1124 servans
2590 1059 2816 1123 vicem.

1264 1168 1560 1245 reputate
1606 1162 1847 1243 cuncti,
1902 1162 2199 1243 quotiens
2247 1163 2560 1227 offensam
2606 1162 2878 1243 incidat,
3277 1184 3335 1226 1⁰

1265 1272 1555 1349 spectata
1601 1264 1704 1328 cui
1750 1285 1876 1330 non
1924 1264 2116 1329 fuerit
2160 1266 2626 1350 opportunitas,

1265 1375 1518 1451 tempus
1566 1387 1666 1432 me
1712 1368 1919 1449 abire,
1975 1368 2282 1433 molestus
2329 1389 2409 1434 ne
2456 1368 2610 1433 sim:
2667 1369 2981 1452 plaudite.

1965 1591 2479 1655 PERIANDER.

1265 1728 1527 1813 Ephyra
1574 1735 1826 1794 creatus
1873 1728 1997 1793 huc
2042 1728 2393 1794 Periander
2438 1729 2703 1814 prode0,
3630 1753 3713 1809 (xi
3753 1751 3853 1799 308

1062 1850 1159 1891 2¹5
1269 1830 1509 1916 Μελέτη
1557 1828 1622 1895 τὸ
1667 1835 1785 1895 πᾶν
1834 1831 1943 1913 qui
1992 1831 2128 1896 dixi
2173 1837 2237 1896 et
2286 1832 2467 1916 <hoc>
2517 1832 2755 1897 dictum
2804 1834 3034 1917 prob0,

1266 1934 1666 2000 meditationi
1711 1935 1928 1999 inesse
1974 1941 2204 2015 totum,
2261 1934 2432 2017 quod
2485 1936 2695 2017 [recte]
2750 1955 2963 2017 geras,

1263 2038 1320 2101 is
1366 2038 1604 2122 quippe
1652 2038 1826 2101 solus
1872 2037 1967 2102 rei
2017 2038 2342 2119 gerendae
2389 2045 2487 2102 est
2533 2038 2798 2119 efficax,

1262 2140 1610 2205 meditatur
1652 2161 1838 2206 omne
1886 2140 1994 2223 qui
2038 2140 2214 2223 prius
2264 2141 2616 2222 negotium.
3311 2165 3334 2201 ε»

1262 2243 1538 2308 adversa
1583 2264 1793 2309 rerum
1841 2244 1943 2307 vel
1992 2243 2276 2308 secunda
2321 2243 2656 2327 praedicat

1061 2365 1155 2406 220
1266 2346 1638 2411 meditanda
1684 2346 1930 2411 cunctis
1976 2346 2258 2411 comicus
2303 2347 2665 2412 Terentius.

1264 2450 1475 2514 locare
1521 2449 1740 2531 sedes,
1795 2449 2035 2514 bellum
2083 2469 2307 2533 gerere
2353 2454 2467 2514 aut
2512 2469 2780 2533 ponere:

1170 2623 1173 2626 ,
1265 2573 1534 2636 magnas
1577 2552 1991 2635 modicasque
2040 2572 2170 2634 ree,
2226 2552 2420 2618 etiam
2468 2574 2703 2636 parvas
2749 2574 2999 2636 quoque

1264 2677 1458 2740 agere
1505 2658 1825 2722 volentem
1873 2676 2132 2740 semper
2176 2656 2471 2720 meditari
2519 2656 2727 2723 decet.
3279 2678 3335 2716 ιο

1265 2781 1414 2824 nam
1460 2759 1789 2843 segniores
1835 2780 2056 2824 omnes
2103 2760 2168 2823 in
2216 2760 2461 2843 coeptis
2508 2760 2724 2829 novis,

1062 2882 1157 2923 225
1267 2863 1599 2928 meditatio
1648 2864 1703 2928 si
1748 2863 1843 2927 rei
1888 2861 2210 2945 gerendae
2260 2862 2486 2927 defuit.

1265 2966 1354 3030 nil
1403 2973 1533 3047 est,
1586 2966 1759 3049 quod
1805 2966 2179 3050 ampliorem
2228 2985 2445 3030 curam
2493 2965 2801 3049 postulet,

1265 3090 1456 3153 quam
1503 3070 1819 3152 cogitare,
1875 3068 2028 3150 quid
2075 3068 2428 3152 gerendum
2477 3067 2581 3132 sit.
2679 3067 2912 3133 dehinc

1264 3173 1690 3256 incogitantes
1737 3173 1898 3254 fors,
1953 3194 2080 3238 non
2128 3172 2465 3238 consilium
2512 3171 2697 3256 regit.
3278 3194 3333 3233 ιτ,

1265 3278 1383 3343 sed
1429 3298 1549 3360 ego
1597 3298 1696 3342 me
1742 3276 1825 3341 ad
1873 3284 2090 3360 partes
2135 3277 2267 3341 iam
2313 3277 2571 3360 recipio.
2667 3275 2957 3361 plaudite

1060 3401 1155 3441 230
1264 3380 1823 3462 meditaminique,
1876 3387 1947 3444 ut
1999 3382 2320 3461 [vestram]
2375 3400 2505 3445 rem
2555 3378 2792 3443 curetis
2839 3378 3186 3463 publicam.

763 3591 864 3640 206
905 3592 1015 3640 Ter.
1048 3593 1204 3640 Andr.
1238 3592 1337 3638 1111
1367 3590 1416 3651 4,
1450 3588 1511 3636 19
1544 3588 1678 3650 (758)
1722 3589 1838 3635 veni
1865 3589 1918 3635 in
1948 3592 2171 3648 tempore
2382 3586 2482 3635 208
2522 3588 2638 3636 Ter.
2670 3588 2853 3636 Heaut.
2880 3589 2924 3635 11
2953 3587 3002 3648 3,
3035 3587 3127 3636 123
3156 3602 3232 3649 sq.
3260 3587 3380 3649 (364
3404 3592 3503 3652 sq.)
3542 3593 3593 3639 in
3628 3598 3854 3656 tempore

586 3679 649 3726 ad
690 3692 797 3725 eam
839 3679 972 3738 veni,
1014 3678 1147 3739 quod
1171 3691 1336 3724 rerum
1364 3677 1640 3724 omniumst
1677 3676 1892 3738 primum
2104 3671 2203 3721 209
2241 3673 2356 3721 Ter.
2386 3673 2571 3720 Heant.
2604 3674 2651 3719 11
2680 3672 2727 3734 3,
2760 3674 2821 3721 34
2856 3672 2991 3736 (275)
3205 3673 3305 3723 219
3327 3689 3402 3736 sq.
3435 3676 3550 3725 Ter.
3580 3677 3775 3726 Phorm.
3808 3681 3852 3727 11

588 3763 640 3826 1,
675 3762 733 3813 11
759 3778 831 3825 sq.
868 3762 980 3825 (241
1007 3764 1104 3826 sq.)
1151 3777 1302 3825 quam
1340 3763 1400 3810 ob
1426 3775 1531 3810 rem
1555 3763 1733 3825 omnis,
1777 3775 1888 3808 eum
1927 3760 2174 3808 secundae
2211 3774 2291 3808 res
2317 3766 2437 3807 sunt
2472 3773 2724 3820 maxume,
2768 3764 2875 3807 tum
2914 3773 3147 3807 maxume
3185 3761 3418 3809 meditari
3455 3777 3624 3810 secum
3662 3771 3857 3827 oportet

763 3952 863 4003 206
902 3955 1046 4002 uenit
1087 3954 1140 4012 V,
1181 3954 1305 3999 ueni
1340 3957 1452 4010 σει,
1497 3951 1665 3999 venito
1707 3951 1809 3997 Tou
2039 3948 2135 3999 207
2177 3928 2246 3968 ⁸¹⁰
2284 3951 2500 3996 comicus
2538 3950 2577 3996 V
2616 3950 2703 4010 (sie
2740 3946 2854 4011 1²1²),
2897 3952 3112 3998 comicus
3148 3954 3259 4013 cea,
3303 3951 3391 3999 ille
3429 3955 3646 4002 comicus
3686 3955 3845 4017 Luqd.

589 4040 754 4101 volvo,
793 4040 970 4087 itidem
1011 4040 1230 4087 comicus
1267 4053 1354 4098 090
1565 4036 1665 4085 208
1703 4051 1792 4085 rex
1827 4049 2023 4084 omnem
2052 4035 2097 4081 P
2302 4036 2522 4096 primum
2562 4049 2672 4082 esse
2714 4034 2857 4083 Ven.⁴
2891 4037 3032 4096 volyo
3242 4035 3343 4084 209
3380 4040 3472 4086 μᾶ
3517 4039 3561 4086 V
3762 4055 3856 4088 an-

589 4125 861 4186 thiphilam
896 4126 951 4185 V,
994 4123 1300 4184 antiphylam
1331 4123 1375 4170 P
1580 4137 1678 4184 quo
1714 4122 1881 4183 codd„
1923 4135 2071 4184 quom
2098 4136 2378 4182 anonymus
2416 4125 2469 4169 in
2500 4123 2702 4182 exempl.
2747 4122 2961 4183 Vratisl„
3004 4122 3075 4182 cf.
3110 4122 3282 4184 Pciper
3307 4125 3405 4172 ‘267
3615 4125 3784 4173 dromo
3820 4127 3860 4172 V

598 4212 637 4270 (r
669 4207 784 4271 m²)‚
825 4211 987 4258 drimd
1026 4211 1083 4273 P,
1128 4211 1322 4258 drimon
1363 4210 1390 4255 h
1599 4208 1699 4258 210
1749 4210 2004 4270 ipeditum
2043 4207 2103 4267 P,
2144 4208 2439 4271 impeditam
2482 4208 2507 4253 h
2559 4208 2645 4268 Uy.
2878 4207 2969 4256 211
3027 4210 3245 4269 reputati
3293 4209 3380 4267 Vh,
3422 4212 3708 4272 reputatiue
3747 4212 3792 4258 P

588 4297 722 4358 quot'
751 4298 804 4360 P,
836 4303 1021 4358 quotus
1057 4296 1144 4357 Uy.
1349 4294 1449 4345 212
1487 4296 1802 4356 oportunitas
1838 4295 1922 4341 VP
2114 4293 2212 4343 213
2252 4271 2419 4343 habire
2452 4294 2493 4340 V
2516 4294 2564 4353 (h
2589 4291 2679 4356 m2)
2862 4308 2924 4342 ne
2951 4295 2993 4342 si
3025 4295 3113 4356 (sci
3144 4294 3200 4354 P,
3231 4296 3326 4343 sim
3354 4295 3397 4356 h,
3430 4309 3523 4343 om.
3568 4296 3650 4357 [79.
3682 4297 3846 4357 υοὶρο)

588 4383 827 4432 molestus
863 4382 1028 4445 codd„
1071 4384 1312 4430 molestus
1350 4396 1413 4430 ne
1451 4383 1545 4429 sim
1584 4394 1690 4440 090.
1729 4407 1800 4416 -
1836 4381 2106 4428 Periander
2150 4381 2219 4443 (in
2250 4396 2349 4439 my.
2378 4377 2452 4427 m2
2490 4381 2586 4428 Hic
2623 4386 2703 4428 est
2727 4380 2996 4428 Periander
3033 4381 3116 4427 ille
3155 4382 3347 4428 amicus
3374 4382 3575 4429 Arionis
3612 4383 3853 4445 fidicinis,

588 4472 730 4517 cuius
756 4470 975 4517 fabulam
1003 4469 1202 4530 scripsit
1225 4467 1523 4528 Herodotus)
1552 4467 1598 4513 P
1803 4466 1902 4514 214
1929 4466 2104 4527 ephira
2134 4467 2173 4513 V
2378 4467 2643 4528 periander
2670 4449 2904 4529 (pirizider
2936 4466 2988 4524 V,
3031 4481 3058 4513 e
3084 4463 3171 4526 m2,
3208 4467 3307 4513 huc
3337 4466 3444 4528 (hoc
3470 4466 3531 4528 P)
3560 4467 3724 4526 eodd.,
3757 4469 3855 4515 huc

591 4555 864 4604 Periander
896 4553 1039 4603 Vm:¹
1129 4575 1130 4578 ¹
1250 4552 1351 4602 215
1391 4559 1443 4600 et
1466 4552 1632 4612 codd,
1661 4554 1747 4613 qui
1776 4551 1961 4612 Luyd„
1992 4558 2044 4601 et
2068 4553 2157 4613 qui
2193 4553 2303 4601 Vin.
2338 4553 2432 4612 (vel
2459 4558 2511 4600 et
2536 4554 2622 4610 sic)
2652 4554 2817 4612 00190,
2853 4557 2905 4599 et
2930 4554 3021 4600 hoe
3044 4566 3129 4612 090
3339 4551 3440 4601 216
3478 4554 3851 4602 meditationem

586 4656 696 4690 esse
721 4641 886 4704 codd„
930 4641 1249 4690 meditationi
1274 4642 1443 4688 inesse
1468 4653 1551 4699 090
1584 4639 1667 4700 (cf.
1700 4655 1745 4687 v.
1779 4639 1884 4698 66),
1929 4638 2309 4686 meditationem
2334 4639 2384 4686 id
2412 4652 2520 4686 esse
2546 4640 2811 4686 Accursius
2837 4639 2996 4698 volyo,
3041 4639 3387 4685 meditationis
3413 4651 3524 4685 esse
3549 4639 3785 4687 Heinsius

586 4734 745 4776 totum
771 4730 903 4790 quod
934 4728 1156 4789 (quidem
1187 4727 1244 4788 P)
1273 4733 1407 4775 recte
1439 4727 1588 4786 (recte
1614 4725 1709 4773 del.
1742 4727 1795 4772 in
1822 4720 1965 4784 Vm³‚
1994 4738 2090 4772 om.
2122 4724 2234 4785 vy.)
2265 4738 2406 4784 geras
2434 4724 2598 4786 codd.,
2629 4725 2761 4786 quod
2789 4730 2920 4772 recte
2945 4737 3085 4783 geras
3105 4725 3338 4772 Heinsius
3502 4723 3600 4772 217
3629 4725 3709 4772 his
3736 4726 3777 4772 V
3800 4726 3848 4786 (h

584 4816 680 4864 dcl.
702 4812 792 4874 m2)
975 4801 1214 4874 gerenda⁶
1244 4814 1285 4859 V
1307 4813 1350 4874 (e
1370 4809 1457 4872 m2)
1626 4809 1724 4859 220
1751 4810 2042 4858 medicanda
2064 4810 2107 4856 P
2244 4811 2549 4858 tererentius
2583 4811 2624 4856 V
2649 4812 2689 4870 (r
2710 4825 2787 4870 pr.
2822 4826 2877 4858 ez:
2904 4818 2923 4858 t
2946 4807 3059 4869 ms),
3085 4811 3356 4857 terrentius
3379 4810 3424 4856 P
3594 4809 3693 4859 222
3721 4826 3855 4871 mag-

588 4915 683 4949 nus
712 4901 755 4947 P
962 4898 1059 4948 223
1087 4900 1322 4947 medicari
1350 4899 1394 4944 P
1600 4896 1699 4946 224
1727 4897 1933 4944 homnes
1971 4897 2010 4944 V
2216 4898 2436 4959 inceptis
2462 4896 2605 4944 codd.
2822 4895 2920 4945 225
2948 4883 3189 4956 ge¹⁰ndae
3219 4896 3259 4942 V
3282 4896 3353 4956 (re
3377 4893 3462 4957 m2)
3648 4896 3748 4946 226
3775 4901 3856 4945 ni·

585 4987 682 5035 chii
710 4985 769 5048 P,
802 4986 930 5033 nibil
957 4987 986 5033 h
1022 4985 1108 5046 Uy.
1325 4983 1421 5034 227
1451 4985 1582 5045 quod
1608 4984 1637 5030 1·
1661 4985 1825 5043 volpe,
1856 4983 1946 5043 qui
1984 4982 2073 5042 Uy.
2289 4981 2391 5031 229
2415 4988 2584 5045 patres
2618 4982 2657 5029 V
2829 4981 2929 5031 230
2956 4982 3268 5030 meditamini
3301 4982 3381 5040 Vh,
3413 4983 3641 5030 meditari
3671 4983 3716 5030 P
3742 4983 3848 5044 Uy„

584 5073 811 5120 meditati
832 5071 949 5119 Par.
974 5073 1138 5131 volyo,
1168 5071 1582 5131 meditaminique
1605 5070 1839 5116 Heia-slus
2002 5073 2223 5116 uestram
2246 5082 2350 5115 rem
2370 5067 2511 5115 codd.
2538 5068 2696 5128 00190,
2721 5073 2939 5115 uestram
2961 5067 3057 5116 del.
3080 5068 3312 5115 Heinsius
3450 5069 3719 5130 plublicam
3752 5070 3793 5116 V

582 5159 807 5220 Explicit
830 5157 980 5205 ludus
1010 5170 1128 5203 Νη·
1158 5158 1444 5218 sapientum
1474 5154 1531 5216 P,
1578 5155 1779 5202 Finitur
1803 5154 1954 5201 ludus
1992 5155 2057 5199 vii
2099 5155 2384 5214 sapientum
2409 5154 2453 5213 h,
2498 5154 2640 5200 Finit
2677 5154 2826 5201 ludus
2865 5159 3057 5216 septem
3096 5154 3379 5214 sapientum
3420 5152 3506 5212 139.
3574 5155 3638 5201 In
3664 5153 3709 5201 P
3741 5155 3857 5203 haee

581 5250 696 5292 sunt
726 5243 950 5292 adiecta:
993 5244 1256 5304 Incipiunt
1281 5242 1552 5289 eorundem
1585 5242 1788 5289 nomina
1814 5244 1964 5300 atque
1990 5241 2243 5287 sententie
2270 5246 2330 5287 ut
2364 5241 2450 5300 qui
2479 5239 2697 5298 relegere
2724 5241 2867 5301 plura
2893 5240 2954 5287 de
2979 5241 3107 5301 ipsis
3134 5240 3319 5299 scripta
3346 5240 3630 5299 fastidiunt,
3673 5244 3857 5290 maiore

583 5331 865 5392 conpendio
891 5331 1115 5377 subiecta
1140 5334 1454 5388 cognoscant.
1504 5329 1697 5390 primus
1725 5326 1860 5373 solon
1889 5326 2207 5373 atheniensis
2234 5327 2323 5372 ait.
2372 5322 2501 5385 Rea.
2549 5321 2697 5381 τελος
2724 5341 2817 5392 opu
2845 5341 3043 5394 μακρου
3072 5322 3197 5391 fimo.
3256 5325 3346 5374 hoc
3372 5325 3414 5373 ὁ.
3470 5327 3646 5373 Finem
3667 5330 3859 5388 respice

579 5419 724 5477 longe
751 5418 880 5464 uite.
928 5414 1109 5463 Chilon
1137 5419 1400 5477 spartanus
1428 5415 1515 5461 ait.
1564 5408 1723 5480 γνωθι
1745 5427 1969 5461 otuu-rose.
2020 5411 2108 5459 hoe
2129 5417 2223 5460 est.
2272 5412 2429 5458 Nosce
2452 5416 2502 5458 te
2526 5413 2709 5472 ipsum.
2761 5412 3031 5460 Cleobulus
3055 5411 3261 5470 Ligdius
3281 5412 3371 5459 ait.
3426 5426 3611 5479 μετρον
3638 5429 3852 5481 aptatos.

586 5504 676 5552 hoc
701 5508 794 5551 est.
849 5501 1030 5549 Modus
1055 5502 1294 5561 optimus.
1350 5500 1533 5547 Thales
1558 5499 1792 5547 Milesius
1818 5499 1905 5546 ait.
1960 5512 2113 5565 εγγυα
2139 5512 2277 5563 παρα
2302 5491 2351 5546 δ’
2382 5514 2495 5547 am.
2549 5499 2637 5544 hoc
2662 5504 2754 5547 est.
2807 5498 3101 5545 vadimonio
3126 5497 3219 5544 ade
3260 5512 3409 5546 noxa.
3481 5499 3594 5546 Bias
3623 5503 3858 5560 prieneus

582 5591 669 5638 ait.
736 5604 784 5638 οι
811 5584 1035 5636 πλειοτοι
1058 5601 1232 5635 κακον..
1297 5586 1389 5633 hoc
1414 5584 1458 5634 ὁ.
1523 5586 1692 5646 plures
1720 5585 1854 5631 maii.
1921 5582 2179 5631 Pitthacus
2205 5584 2522 5641 myteleneus
2547 5585 2633 5631 ait.
2692 5599 2883 5651 καυρον
2908 5579 3084 5650 *sumile
3141 5583 3228 5630 hoc
3256 5584 3300 5634 ὁ.
3367 5585 3587 5647 Tempus
3624 5600 3853 5646 agnosce.

579 5673 851 5722 Periander
888 5673 1182 5721 Corinthius
1219 5672 1318 5718 ait:
1364 5667 1556 5737 μελετη
1592 5687 1649 5720 το
1688 5686 1806 5719 παν.
1859 5670 1949 5716 hoe
1986 5668 2029 5717 ὁ.
2095 5669 2362 5716 Meditstio
2398 5674 2576 5718 totum.
2648 5671 2781 5716 sicut
2824 5684 2851 5716 a
2888 5675 3033 5729 poeta
3068 5670 3284 5728 legimus
3320 5677 3636 5732 usurpatum,
3678 5673 3857 5720 modus

576 5760 813 5809 omuibus
851 5759 975 5806 utile
1001 5760 1150 5805 rebus
1190 5755 1278 5817 (cf.
1315 5757 1483 5804 Plaut.
1522 5755 1670 5804 Pocn.
1705 5756 1748 5812 Ι,
1781 5757 1830 5814 9,
1865 5756 1928 5802 ‘29
1961 5753 2138 5814 {935st
2202 5754 2501 5815 Expliciunt
2537 5756 2742 5801 nomina
2778 5759 2829 5801 et
2865 5756 3150 5803 sententiae
3188 5764 3382 5815 septem
3423 5758 3726 5818 sapientum.
3784 5756 3851 5820 R.
