4630 6435
1939 420 2396 474 PROOEMIVM.
3511 422 3797 486 XXXIX

541 646 731 728 quod,
785 653 856 711 ut
898 644 1279 721 Quintiliani
1323 651 1467 708 utar
1508 643 1758 724 verbis,
1809 644 2025 728 pueris
2071 644 2236 708 nolis
2281 644 2688 726 interpretari
2707 647 2806 723 3⁴),
2861 643 2952 707 ita
2997 650 3067 708 ut
3109 644 3202 725 is,
3253 645 3362 726 qui
3407 645 3527 709 hoc
3570 663 3802 729 corpus

542 765 831 847 confecit,
889 766 1102 849 legem
1144 764 1345 844 illam,
1402 783 1532 846 qua
1577 784 1891 829 summam
1937 784 2135 848 puero
2182 763 2404 829 deberi
2450 764 2873 830 reverentiam
2920 763 3247 844 statuitur,
3302 764 3645 846 diligenter
3688 766 3804 830 ob-

542 906 841 952 servasse
886 886 1211 968 videatur,
1266 884 1390 951 etsi
1432 884 1501 948 in
1545 884 1939 950 Ausonianis
1984 883 2159 949 haud
2206 904 2417 968 pauca
2461 891 2638 964 sunt,
2694 904 2863 968 quae
2907 883 3059 949 huic
3102 883 3236 967 legi
3282 904 3476 967 quam
3522 884 3804 951 maxime

540 1007 994 1088 adversentur,
1059 1006 1268 1091 priore
1330 1003 1620 1070 codicum
1673 1024 1911 1088 genere
1954 1004 2139 1069 nobis
2182 1005 2441 1070 tradita.
2538 1012 2796 1087 reputes
2841 1025 3026 1089 porro
3075 1005 3303 1071 deesse
3350 1005 3415 1069 in
3461 1005 3794 1086 Vossian0,

541 1128 597 1192 si
653 1147 861 1212 pauca
921 1127 1240 1210 quaedam
1301 1126 1499 1190 verba
1559 1124 1882 1209 excipiaS,
1953 1124 2205 1190 Graeca
2249 1124 2483 1189 omnia.
2580 1144 2748 1206 quae
2793 1145 2896 1191 res
2941 1145 3068 1190 non
3112 1132 3244 1191 tam
3291 1123 3472 1191 casui
3519 1125 3797 1207 cuidam,

543 1248 659 1313 sed
718 1247 985 1313 consilio
1041 1245 1382 1313 tribuenda
1443 1266 1588 1312 esse
1647 1244 1921 1310 videtur.
2017 1245 2179 1311 haec
2239 1251 2622 1327 argumenta
2682 1244 2740 1309 si
2798 1245 2928 1310 iam
2985 1245 3053 1310 in
3113 1267 3308 1311 unum
3371 1247 3645 1312 collecta
3689 1246 3805 1311 tibi

542 1368 981 1452 proposueris,
1049 1387 1260 1433 nonne
1321 1386 1569 1432 mecum
1627 1365 1987 1431 consenties
2048 1372 2367 1431 statuente
2425 1386 2550 1430 non
2609 1366 2775 1445 tale,
2843 1365 3013 1449 quod
3061 1366 3185 1432 sibi
3231 1373 3441 1432 mente
3487 1366 3806 1431 finxerunt

543 1487 836 1553 homines
883 1486 1050 1553 docti
1071 1538 1085 1567 ,
1142 1506 1371 1572 corpus
1415 1486 1634 1551 inesse
1678 1486 1744 1550 in
1790 1486 2124 1565 Vossiano,
2181 1484 2318 1566 sed,
2370 1485 2440 1549 id
2484 1485 2654 1569 quod
2699 1485 2827 1550 iam
2875 1493 3024 1551 ante
3072 1486 3239 1567 dixi,
3294 1485 3677 1569 florilegium
3724 1507 3806 1552 ex

543 1607 869 1694 opusculis
912 1607 1304 1673 Ausonianis
1362 1608 1428 1672 in
1490 1607 1750 1672 scholae
1809 1605 2086 1671 alicuius
2145 1625 2334 1670 usum
2394 1606 2863 1695 concinnatum.
2959 1626 3087 1688 qua
3148 1627 3215 1672 re
3276 1612 3446 1672 certe
3503 1627 3630 1671 non
3683 1606 3806 1671 im-

543 1730 860 1814 pedimur,
914 1749 1038 1810 quo
1084 1728 1295 1793 minus
1341 1735 1638 1812 putemus
1685 1747 1850 1808 eum,
1905 1724 2016 1809 qui
2063 1727 2183 1791 hoc
2227 1724 2609 1809 florilegium
2657 1725 2953 1807 confecit,
3006 1725 3244 1811 optimo
3282 1726 3519 1806 codice,
3575 1748 3616 1792 a
3644 1748 3808 1811 quo-

547 1849 697 1914 dam
755 1854 1029 1931 cognato
1091 1848 1196 1913 vel
1256 1848 1609 1933 propinquo
1656 1846 1926 1912 Ausonii
1988 1845 2381 1929 conscripto,
2447 1866 2634 1910 usum
2694 1868 2770 1913 ac
2823 1848 3200 1931 plerumque
3246 1847 3440 1912 etiam
3488 1847 3798 1928 ordinem,

547 1990 671 2053 quo
716 1969 974 2052 singula
1019 1968 1330 2052 opuscula
1372 1968 1442 2032 in
1487 1967 1709 2033 codice
1752 1967 1866 2032 illo
1912 1966 2227 2051 disposita
2271 1972 2471 2045 erant,
2528 1971 2817 2031 secutum
2864 1987 3028 2047 esse,
3081 1967 3174 2032 ita
3218 1973 3451 2047 tamen,
3508 1975 3579 2032 ut
3608 1950 3810 2051 quae-

548 2089 697 2154 dam
742 2089 808 2153 in
855 2089 977 2153 hac
1021 2109 1090 2153 re
1135 2088 1502 2153 immutaret
1544 2095 1738 2171 atque
1782 2087 1929 2152 aliis
1975 2086 2366 2152 carminibus
2411 2085 2698 2163 omissis,
2769 2086 2919 2151 aliis
2973 2088 3382 2171 transpositis
3426 2089 3648 2153 turbas
3695 2109 3809 2154 ex-

546 2209 795 2274 citaret.
890 2229 1010 2274 nec
1053 2208 1264 2290 vide0,
1315 2207 1470 2290 quid
1515 2209 1742 2288 obstet,
1796 2209 2136 2289 quominus
2180 2206 2248 2271 in
2292 2205 2682 2271 monasterio
2723 2206 2858 2288 illo,
2912 2207 3083 2290 quod
3126 2207 3193 2271 in
3226 2208 3552 2274 Barbarae
3595 2208 3812 2274 insula

548 2330 817 2395 Carolus
861 2329 1136 2412 Magnus
1182 2327 1574 2407 condiderat,
1628 2327 2030 2410 florilegium,
2087 2326 2261 2410 quod
2306 2327 2848 2411 complectebatur
2892 2335 3194 2412 excerpta
3237 2348 3318 2393 ex
3363 2328 3646 2394 Ausonio
3690 2328 3810 2393 ad-

550 2450 731 2515 iectis
776 2449 970 2514 simul
1013 2449 1395 2532 quibusdam
1444 2448 1816 2533 Symmachi
1859 2447 2242 2531 Paulinique
2289 2447 2587 2531 epistulis
2632 2455 2698 2514 et
2740 2448 3132 2514 carminibus
3170 2448 3444 2527 Paulini,
3498 2448 3803 2531 Petronii,

550 2569 892 2634 Claudiani
923 2569 1320 2652 aliorumque
1351 2568 1711 2635 confectum
1742 2587 1888 2634 esse
1919 2574 2235 2653 putemus,
2277 2588 2401 2651 quo
2435 2568 2716 2647 scholae,
2755 2589 2921 2651 quae
2951 2568 3044 2634 ibi
3075 2567 3362 2649 florebat,
3412 2568 3803 2653 discipuli³⁵)

549 2696 899 2755 uterentur.
995 2710 1164 2773 quae
1230 2696 1445 2755 autem
1511 2689 1578 2753 in
1634 2688 1933 2754 Vossiani
2001 2687 2526 2772 quaternionibus
2594 2709 2761 2754 nunc
2830 2688 3183 2774 deperditis
3244 2689 3488 2774 scripta
3547 2689 3804 2770 fuerint,

550 2831 703 2873 num
750 2810 910 2875 forte
954 2808 1205 2875 Sidonii
1250 2808 1645 2893 Apollinaris
1690 2809 2027 2891 quaedam,
2084 2830 2272 2891 quem
2319 2815 2390 2874 ut
2433 2809 2791 2874 Ausonium
2835 2810 3002 2874 inter
3044 2818 3270 2895 poetas
3316 2809 3542 2875 Gallos
3587 2810 3813 2875 merito

555 2950 800 2995 summo
845 2951 1037 3015 opere
1083 2931 1377 2996 colebant
1420 2929 1563 2995 eius
1608 2929 1841 2995 aetatis
1886 2929 2194 3010 homines,
2249 2929 2380 2994 iam
2426 2930 2578 2995 altis
2625 2930 2687 2995 ei
2731 2931 2824 2995 rei
2868 2930 3150 2996 tenebris
3196 2931 3420 2996 offusis
3466 2950 3581 2996 nos
3627 2932 3805 2996 latet.

725 3051 999 3116 Carmen
1065 3069 1216 3115 vero
1270 3050 1437 3115 illud
1495 3050 1891 3134 rhopalicum
1950 3056 2064 3116 aut
2119 3050 2250 3115 iam
2309 3059 2504 3117 antea
2559 3050 2626 3115 in
2686 3050 3000 3135 opuscula
3057 3051 3433 3116 Ausoniana
3490 3058 3812 3136 receptum

554 3178 693 3237 erat
736 3178 848 3237 aut
893 3172 1171 3254 demum,
1225 3190 1368 3236 cum
1413 3168 1797 3254 florilegium
1841 3169 2004 3236 illud
2051 3170 2554 3250 concinnaretur,
2610 3170 2933 3237 adiectum
2980 3177 3097 3237 est.
3178 3191 3256 3237 ac
3301 3177 3470 3238 certe
3502 3191 3627 3237 non
3659 3189 3812 3236 casu

554 3291 792 3356 factum
840 3297 971 3372 est,
1026 3298 1096 3356 ut
1138 3291 1207 3356 id
1252 3311 1538 3372 carmen,
1593 3292 1766 3373 quod
1811 3297 1877 3357 et
1917 3291 2128 3375 ipsum
2175 3292 2485 3376 paschale
2531 3299 2647 3372 est,
2702 3299 2850 3376 post
2892 3292 3134 3357 Versus
3179 3292 3521 3376 paschales
3566 3292 3815 3356 insere-

558 3418 753 3478 retur.
850 3431 1057 3494 neque
1103 3411 1403 3476 abhorret
1444 3432 1485 3476 a
1529 3411 1663 3475 veri
1710 3412 1926 3496 specie
1972 3432 2137 3492 eum,
2194 3412 2303 3493 qui
2351 3412 2472 3476 hoc
2516 3430 2774 3477 carmen
2810 3411 3116 3488 condidit,
3170 3431 3557 3493 quamquam
3591 3418 3815 3495 aperta

555 3532 930 3598 imitationis
974 3552 1102 3597 non
1144 3531 1364 3596 insunt
1406 3531 1704 3615 vestigia,
1756 3531 2027 3596 Ausonii
2070 3539 2387 3615 poemate,
2443 3539 2512 3596 ut
2555 3531 2719 3596 illud
2766 3538 3190 3616 componeret,
3245 3530 3593 3596 excitatum
3641 3550 3807 3596 esse.

555 3651 873 3734 quomodo
918 3656 1133 3716 autem
1178 3651 1418 3717 factum
1463 3652 1576 3732 sit,
1649 3658 1718 3718 ut
1762 3671 2018 3717 carmen
2063 3652 2230 3717 iuter
2271 3651 2647 3715 Ausoniana
2691 3651 3116 3735 reciperetur,
3185 3649 3377 3715 facile
3430 3650 3804 3735 explicetur,

559 3773 614 3837 si
672 3779 1029 3838 statuamus
1088 3771 1159 3835 id
1216 3772 1297 3836 ab
1344 3770 1625 3837 Ausonio
1685 3771 1958 3854 quodam
2013 3770 2433 3854 compositum
2480 3789 2646 3835 esse.
2744 3777 2808 3836 et
2855 3776 3381 3836 commemoratur
3423 3771 3490 3834 in
3535 3770 3815 3854 epistula

559 3893 793 3957 Hilarii
837 3911 1047 3977 papae
1101 3891 1204 3974 (X,
1258 3891 1361 3956 ed.
1414 3891 1630 3957 Thiel.
1680 3893 1713 3956 I
1758 3894 1895 3973 148)
1951 3913 2013 3956 a.
2067 3909 2435 3956 ccccnxnn
2480 3890 2564 3956 ad
2612 3891 2944 3975 episcopos
2990 3891 3355 3975 provinciae
3401 3890 3810 3973 Viennensis,

559 4012 1047 4095 Lugdunensis,
1112 4012 1552 4077 Narbonensis
1608 4012 1853 4097 primae
1914 4018 1979 4076 et
2037 4011 2393 4090 secundae,
2470 4011 2747 4095 Alpinae
2806 4012 3008 4076 missa
3066 4011 3391 4076 Ausonius
3447 4011 3809 4096 episcopuS,

560 4154 748 4215 quem
810 4138 1109 4217 nepotem
1154 4133 1423 4197 Ausonii
1466 4133 1716 4218 nepotis
1770 4132 1972 4198 fuisse
2018 4131 2194 4196 haud
2240 4132 2456 4216 inepte
2502 4131 2866 4216 suspicatus
2910 4138 3009 4196 est
3053 4132 3358 4216 Peiperus
3406 4133 3552 4195 319.
3647 4136 3817 4195 certe

563 4252 710 4317 huic
754 4252 952 4318 aetati
997 4253 1240 4334 talique
1288 4252 1527 4317 homiui
1573 4252 1784 4335 magis
1831 4252 2128 4318 convenit
2172 4272 2430 4316 carmen
2472 4251 2637 4317 illud
2668 4252 2992 4318 inficetum
3022 4272 3216 4334 quam
3247 4251 3529 4317 Ausonio
3559 4258 3811 4335 poetae.

740 4373 872 4438 Sed
915 4374 1048 4437 iam
1078 4372 1391 4438 Vossiano
1436 4374 1629 4437 misso
1673 4372 1760 4437 ad
1804 4392 1970 4455 eum,
2023 4373 2131 4455 qui
2175 4373 2242 4436 in
2287 4372 2410 4437 hoc
2452 4392 2691 4456 genere
2720 4372 3070 4437 secundum
3103 4378 3249 4457 post
3277 4372 3662 4437 Vossianum
3693 4370 3816 4435 sibi

562 4493 847 4559 vindicat
888 4493 1132 4574 locum,
1201 4492 1434 4557 librum
1480 4493 1844 4573 veniamus,
1912 4493 2054 4558 dico
2100 4493 2527 4557 Parisinum
2574 4495 2772 4572 8500,
2828 4494 3123 4573 membr.,
3178 4492 3421 4557 formae
3469 4491 3808 4570 maximae,

566 4613 702 4677 foll.
749 4619 888 4694 105,
945 4613 1203 4678 saeculo
1242 4612 1435 4677 XIIII
1482 4618 1836 4678 exaratum.
1932 4613 2334 4678 continentur
2375 4614 2497 4678 hoc
2542 4612 2780 4692 codice,
2836 4632 3025 4695 quem
3071 4613 3434 4677 accuratius
3480 4612 3822 4696 descripsit

564 4733 871 4818 Peiperus
917 4737 1031 4797 221
1075 4753 1254 4817 sqq.,
1323 4739 1576 4818 praeter
1618 4733 1776 4797 alia:
1846 4732 1892 4797 f.
1953 4738 2053 4795 14Γ
2098 4733 2392 4817 Epistola
2437 4733 2621 4798 Decii
2667 4733 2888 4815 Magni
2933 4732 3204 4797 Ausonii
3249 4732 3334 4796 ad
3379 4731 3818 4816 Drepannium

562 4855 1010 4938 proconsulem
1069 4854 1150 4919 de
1196 4853 1352 4919 ludo
1399 4859 1644 4938 septem
1690 4852 2051 4936 sapientum
2106 4853 2314 4935 (XX),
2391 4857 2493 4917 16r
2533 4853 2884 4918 Periochae
2938 4855 3035 4936 (A.
3089 4853 3140 4934 Ι)
3194 4854 3377 4918 nulla
3421 4853 3676 4917 omnino
3719 4853 3820 4916 in-

566 4974 908 5058 scriptione
968 4974 1255 5054 adiecta,
1326 4976 1435 5036 20v
1483 4972 1735 5037 Paulini
1795 4972 1880 5037 ad
1923 4972 2277 5036 Ausonium
2340 4972 2690 5057 epistulae,
2754 4975 2866 5035 22v
2912 4973 3096 5038 Decii
3142 4972 3362 5056 Magni
3407 4971 3673 5036 Ausonii
3736 4971 3818 5036 ad

567 5096 904 5160 Paulinum
952 5094 1270 5178 epistulae
1317 5093 1561 5172 XXIII,
1617 5093 1819 5172 XXV,
1875 5093 2152 5170 XXIIII,
2210 5096 2315 5156 24Γ
2360 5092 2730 5176 Symmachi
2776 5093 2861 5157 ad
2908 5094 3259 5158 Ausonium
3306 5092 3586 5176 epistula
3631 5092 3660 5156 I
3708 5096 3810 5170 31,

741 5375 820 5436 34)
866 5388 978 5422 nam
1027 5373 1157 5421 illud
1194 5375 1247 5421 in
1286 5373 1562 5421 adulteram
1599 5373 1936 5433 epigramma,
1989 5371 2098 5418 dico
2137 5385 2355 5431 nonum,
2406 5385 2503 5420 non
2541 5373 2654 5420 eius
2691 5373 2821 5419 modi
2860 5377 2964 5432 est,
3022 5377 3080 5419 ut
3115 5371 3165 5420 id
3201 5373 3371 5432 pueris
3409 5386 3678 5435 proponere
3716 5385 3822 5418 ma-

566 5463 712 5521 gistri
750 5461 1010 5509 christiani
1047 5460 1521 5508 verecundarentur.
1588 5463 1720 5506 certe
1759 5472 1821 5505 ne
1859 5459 1910 5505 in
1950 5458 2168 5506 editione
2204 5458 2431 5520 quidem,
2473 5472 2600 5520 quae
2637 5461 2688 5506 in
2727 5459 2968 5519 Delphini
3007 5472 3155 5505 usum
3191 5464 3365 5519 parata
3401 5464 3496 5518 est,
3537 5459 3583 5505 id
3623 5470 3820 5503 carmen

568 5550 620 5595 in
659 5546 985 5609 appendicem
1023 5547 1297 5606 relegatum
1338 5545 1582 5593 videmus.

742 5633 824 5694 35)
867 5647 1167 5695 quamquam
1207 5647 1319 5680 non·
1343 5635 1387 5680 is
1423 5646 1554 5692 sum,
1595 5633 1682 5691 qni
1723 5644 1899 5686 negem
1939 5631 2029 5677 hoc
2066 5630 2362 5690 florilegium
2401 5637 2517 5678 ante
2557 5632 2604 5678 id
2643 5637 2845 5692 tempus
2883 5632 3167 5679 concinnari
3208 5631 3451 5691 potuisse.
3516 5643 3571 5676 ac
3609 5630 3819 5676 fortasse

566 5722 695 5769 illud
735 5723 833 5767 iam
872 5721 1067 5766 sacculo
1104 5721 1280 5780 quinto
1320 5719 1394 5764 vel
1433 5725 1574 5763 sexto
1613 5719 1664 5763 in
1703 5717 1896 5762 scholae
1937 5717 2151 5762 alicuius
2191 5717 2487 5763 cathedralis
2526 5718 2605 5764 vel
2644 5718 3003 5764 monasterialis
3041 5731 3188 5763 usum
3227 5718 3510 5764 confectum
3547 5722 3670 5764 erat.

3845 4354 3941 4394 cod.
3972 4352 4198 4393 Parisinus

3844 4409 3947 4447 85⁰0
3972 4407 4044 4456 (Ρ)
