4630 6435
758 406 876 466 194
2222 397 2532 455 AVSONII

1422 599 1614 674 teque
1658 612 1895 674 vagum
1940 597 2069 656 toto
2115 610 2304 673 quam
2352 590 2552 673 longa
2595 586 2915 673 Hispania
2958 593 3165 653 tractu

1420 695 1837 761 inmemorem
1881 701 2166 759 veterum
2214 692 2578 778 peregrinis
2624 692 2822 758 fidere
2869 692 3114 757 amicis.

1419 818 1714 878 accurre,
1769 818 1806 863 o
1852 804 2135 863 nostrum
2184 796 2422 878 decus,
2477 816 2515 862 o
2561 816 2708 862 mea
2750 795 3036 860 maxima
3080 814 3263 877 cura,

1219 919 1312 961 120
1418 901 1584 966 votis
1629 899 2076 984 ominibusque
2122 900 2308 966 bonis
2357 900 2783 985 precibusque
2828 903 3127 979 vocatus,

1417 1005 1814 1089 adpropera‚
1871 1004 2021 1069 dum
2068 1010 2135 1069 tu
2182 1003 2471 1086 iuvenis,
2525 1003 2679 1068 dum
2723 1008 2941 1067 nostra
2985 1007 3284 1067 senectus

1417 1116 1631 1173 servat
1674 1107 2127 1174 inexhaustum
2172 1107 2290 1172 tibi
2337 1106 2699 1190 gratificata
2745 1106 3054 1189 vigorem.

1416 1211 1749 1293 ecquando
1794 1210 1918 1276 iste
1964 1231 2145 1276 meas
2190 1211 2463 1296 inpellet
2506 1211 2768 1276 nuntius
2814 1215 3055 1275 aures?

1416 1334 1565 1379 ecce
1610 1322 1759 1379 tuus
1804 1313 2116 1379 Paulinus
2160 1314 2370 1379 adest.
2466 1314 2595 1379 iam
2639 1313 2956 1397 ninguida
3000 1311 3231 1395 linquit

1217 1437 1308 1477 125
1415 1417 1655 1501 oppida
1699 1418 2118 1497 Hiberorum,
2173 1417 2540 1483 Tarbellica
2584 1417 2712 1482 iam
2758 1423 2936 1483 tenet
2981 1436 3157 1480 arva.

1413 1521 1764 1605 Ebromagi
1808 1523 1937 1586 iam
1982 1527 2153 1588 tecta
2197 1520 2403 1602 subit,
2456 1520 2585 1586 iam
2633 1519 2904 1605 praedia
2948 1518 3167 1584 fratris

1414 1625 1628 1692 vicina
1670 1625 2062 1709 ingreditur,
2113 1625 2242 1691 iam
2289 1624 2530 1691 labitur
2573 1645 2761 1690 amne
2808 1622 3089 1689 secundo

1414 1729 1671 1812 iamque
1715 1729 1782 1794 in
1829 1734 2171 1813 conspectu
2218 1735 2351 1810 est,
2405 1728 2534 1793 iam
2580 1748 2770 1813 prora
2815 1726 3168 1793 obvertitur
3211 1724 3386 1789 amni

1411 1832 1875 1915 ingressusque
1921 1832 2024 1897 sui
2071 1833 2400 1897 celebrata
2445 1852 2562 1916 per
2607 1831 2775 1897 ostia
2818 1836 3041 1915 portus

1213 1957 1305 1997 130
1411 1942 1610 2001 totum
1657 1936 2051 2002 occursantis
2096 1936 2319 2021 populi
2363 1935 2793 2019 praevertitur
2835 1953 3109 2018 agmen:

1412 2047 1476 2105 et
1520 2060 1638 2105 sua
1682 2040 2077 2124 praeteriens
2125 2039 2251 2104 iam
2296 2039 2426 2104 iam
2472 2046 2586 2104 tua
2630 2039 2856 2104 limina
2900 2038 3141 2122 pulsat.

1413 2143 1780 2208 credimus?
1821 2164 1906 2207 an
1952 2143 2063 2226 qui
2107 2151 2331 2208 amant
2373 2143 2502 2227 ipsi
2552 2142 2672 2208 sibi
2721 2141 2969 2207 somnia
3015 2141 3264 2222 fingunt
3280 2144 3308 2201 τ’)

1664 2860 2593 2991 <EPIGRAMMATON
2666 2860 3069 2986 LIBER.)

2338 3094 2392 3158 I.

1404 3267 1665 3334 Phoebe
1710 3274 1938 3353 potens
1983 3266 2302 3349 numeris,
2355 3285 2622 3350 praeses
2668 3264 2959 3331 Tritonia
3001 3265 3232 3346 bellis,
3963 3281 3983 3329 ι

1407 3378 1475 3436 tu
1520 3392 1775 3455 quoque
1820 3372 1903 3436 ab
1946 3370 2124 3436 ae‘rio
2169 3390 2447 3455 praepes
2494 3370 2775 3435 Victoria
2821 3370 3040 3455 lapsu,
3912 3370 3988 3426 (ω)

1405 3494 1585 3540 come
1632 3482 1998 3541 serenatam
2043 3473 2288 3557 duplici
2335 3473 2706 3539 diademate
2753 3473 3061 3553 frontem,

1407 3585 1580 3644 serta
1625 3578 1873 3658 ferens,
1929 3598 2096 3662 quae
2144 3577 2314 3644 dona
2359 3584 2584 3660 togae,
2638 3597 2806 3659 quae
2852 3576 3143 3661 praemia
3188 3594 3465 3659 pugnae.

1271 3702 1296 3740 5
1404 3682 1695 3747 bellandi
1741 3681 2047 3765 fandique
2094 3687 2323 3767 potens
2367 3681 2702 3764 Augustus
2746 3680 3051 3745 honorem

1404 3786 1505 3851 bis
1550 3793 1787 3865 meret,
1840 3793 1911 3851 ut
1954 3785 2239 3868 geminet
2284 3784 2545 3865 titulos,
2598 3783 2708 3868 qui
2753 3784 2998 3868 proelia
3042 3782 3245 3848 Musis

911 4111 1007 4163 119
1044 4113 1192 4174 Verg.
1233 4114 1409 4173 Georg.
1451 4115 1500 4161 11
1539 4114 1604 4162 40
1678 4115 1804 4163 Aen.
1847 4116 1870 4162 1
1908 4114 2008 4164 678
2282 4113 2377 4164 120
2418 4115 2537 4164 Hor.
2582 4113 2745 4162 Carm.
2784 4114 2884 4160 1111
2920 4081 2983 4173 5,
3018 4112 3078 4161 13
3115 4113 3246 4160 votis
3282 4113 3638 4172 ominibusque
3675 4116 3727 4158 et
3761 4111 3990 4173 precibus

734 4204 871 4248 vocat
1085 4199 1179 4248 123
1218 4200 1370 4259 Vesg.
1414 4202 1542 4247 Aen.
1583 4201 1685 4248 VII
1723 4201 1820 4250 437
1868 4202 2010 4265 (VIII
2047 4200 2166 4262 582)
2209 4203 2423 4249 nuntius
2459 4202 2595 4249 auris
2832 4198 2927 4248 128
2965 4200 3114 4258 verg.
3157 4201 3286 4248 Aen.
3330 4199 3403 4246 VI
3443 4199 3473 4248 3
3511 4201 3785 4247 obvertunt
3818 4197 3991 4260 pelago

730 4300 897 4348 proras
1113 4286 1207 4335 132
1246 4287 1400 4347 Verg.
1440 4287 1545 4335 Ecl.
1593 4287 1712 4334 VIII
1754 4286 1848 4336 108
1887 4288 2175 4335 credimus?
2212 4302 2274 4336 an
2312 4288 2401 4349 qui
2438 4291 2607 4335 amant
2643 4286 2743 4348 ipsi
2777 4288 2875 4335 sibi
2914 4287 3107 4334 somnia
3144 4287 3378 4347 fingunt?

911 4597 1005 4647 117
1043 4574 1270 4659 hispania
1317 4599 1359 4647 V
1397 4596 1465 4656 (hi
1490 4595 1581 4670 νηῒ)
1801 4598 1896 4648 118
1933 4599 2276 4648 immemorem
2305 4599 2351 4647 P
2559 4597 2654 4647 119
2694 4599 2900 4646 adcurre
2926 4597 2994 4644 Π
3046 4577 3055 4584 ’
3194 4611 3392 4646 accurre
3416 4597 3582 4644 onffi
3615 4597 3658 4645 V
3681 4596 3893 4658 (accurre
3923 4609 3986 4643 on

729 4683 804 4733 m2
838 4688 892 4734 in
927 4686 1054 4746 ras.)
1342 4682 1438 4732 120
1473 4673 1826 4746 om¹nibusque
1872 4686 1915 4733 V
1948 4687 1984 4748 (i
2019 4683 2120 4749 m23
2173 4688 2226 4733 ἰη
2259 4700 2361 4745 my.
2400 4681 2475 4733 m2
2510 4678 2567 4733 id
2602 4686 2885 4747 auspiciis),
2938 4684 3279 4744 omnibusque
3318 4683 3376 4744 P,
3433 4684 3827 4744 hominibusque
3866 4683 3929 4730 Π

733 4773 1072 4832 precibusque
1117 4771 1158 4818 V
1198 4771 1242 4833 (e
1276 4766 1392 4830 m2),
1433 4773 1797 4833 praecibusque
1836 4772 1902 4819 Π
2106 4769 2195 4820 121
2241 4785 2517 4843 appropera
2555 4770 2600 4817 P
2810 4769 2906 4820 122
2944 4747 3303 4818 inexhaustum
3351 4770 3391 4817 V
3430 4769 3478 4831 (1ι
3516 4766 3627 4832 m2),
3668 4771 3991 4817 inexaustum

733 4857 842 4904 ΡΠ
1048 4855 1145 4905 123
1184 4861 1237 4905 et
1271 4858 1471 4919 quando
1507 4856 1672 4919 codd„
1713 4858 1967 4919 ecquando
2001 4855 2147 4906 ναι*
2358 4846 2453 4906 ¹ste
2486 4857 2529 4904 V
2561 4857 2598 4919 (i
2621 4853 2712 4918 m2)
2901 4856 3145 4918 inpellet
3186 4855 3244 4920 V,
3286 4857 3520 4917 impellet
3546 4855 3604 4917 P,
3645 4857 3884 4917 impleuit
3913 4855 3989 4914 Π,

735 4943 968 5004 implebit
995 4943 1220 4990 Brundes
1252 4942 1338 5005 (cs.
1374 4944 1511 5005 Vero.
1540 4944 1665 4992 Aen.
1700 4945 1780 4991 XI
1800 4947 1922 5004 896)
2137 4957 2201 4991 en
2223 4944 2324 4992 erit
2341 4949 2400 4994 ut
2423 4947 2618 4990 nostras
2642 4943 2724 4990 hic
2751 4945 2965 4991 nuntius
2991 4944 3180 4990 excitet
3203 4956 3350 4989 aures
3373 4945 3451 5006 βπ
3666 4940 3762 4991 124
3790 4941 3997 5003 linquid*

735 5029 829 5093 Πβ
1042 5028 1138 5078 125
1176 5030 1357 5092 oppido
1394 5033 1429 5094 β
1636 5005 1917 5078 hiberorum
1950 5030 1992 5078 V
2017 5031 2066 5091 (h
2091 5027 2181 5091 m2)
2401 5029 2652 5077 terbellica
2687 5029 2783 5090 Vn,
2825 5027 3040 5077 t’bellica
3065 5028 3122 5089 P,
3159 5011 3365 5078 {bellica
3399 5031 3435 5092 β
3649 5027 3746 5077 126
3781 5028 3994 5077 ὴθὴηο-

736 5116 864 5173 magi
909 5116 949 5162 V
988 5113 1216 5176 (sortasse
1252 5130 1279 5164 e
1318 5131 1479 5179 eras.;
1523 5131 1546 5164 r
1580 5114 1654 5164 m2
1690 5119 1743 5163 in
1776 5131 1897 5176 raa,
1952 5120 2006 5165 in
2041 5133 2142 5177 my.
2182 5114 2257 5163 m2
2291 5131 2327 5180 q
2361 5117 2648 5176 ebromagi),
2705 5115 2990 5175 hebromagi
3028 5115 3074 5161 P
3105 5116 3246 5176 volqo
3528 5102 3701 5161 f‘atris
3745 5113 3787 5161 V
3820 5113 3863 5174 (r
3897 5110 3987 5172 ⁷11²)

737 5198 830 5247 127
871 5201 1120 5248 inreditur
1157 5202 1222 5249 II
1460 5202 1712 5251 secmndo
1757 5203 1798 5250 V
2046 5201 2140 5251 128
2177 5218 2270 5252 om.
2314 5202 2360 5249 P
2600 5205 2872 5263 cospecutu
2916 5202 2954 5249 V
2992 5202 3043 5263 (u
3080 5215 3155 5262 pr.
3199 5200 3318 5262 del.)
3560 5201 3842 5270 aduertitur
3879 5214 3922 5247 π

731 5269 852 5333 finni
897 5287 937 5333 V
977 5269 1020 5346 (Ξῖ
1054 5301 1112 5334 ca·
1150 5302 1177 5333 a
1211 5285 1324 5348 712²),
1367 5290 1502 5338 omni
1538 5292 1573 5353 β
1786 5287 1883 5338 129
1920 5289 2138 5336 colebrat
2175 5288 2232 5349 P,
2274 5289 2550 5336 caelebrata
2587 5304 2627 5337 π
2838 5289 2998 5336 hostia
3042 5287 3083 5334 V
3122 5285 3286 5349 Vcn.⁴,
3326 5287 3526 5348 hospita
3566 5285 3626 5348 P,
3665 5273 3856 5334 hosmts
3890 5289 3925 5350 β

731 5379 906 5434 portur
947 5372 1020 5431 Π,
1061 5379 1231 5433 partus
1270 5390 1310 5423 π
1351 5375 1493 5436 (corr.
1535 5371 1625 5434 m2)
1857 5374 1953 5423 130
1990 5380 2308 5422 occursantes
2346 5375 2392 5421 P
2596 5376 2872 5435 praeuertit
2908 5378 3117 5421 cunctos
3154 5379 3210 5421 ut
3248 5380 3299 5421 te
3336 5374 3667 5435 amplectatur
3700 5374 3883 5420 amicos
3914 5376 3993 5436 βπ

739 5457 826 5506 131
873 5473 1023 5519 supra
1060 5461 1278 5507 eteriens
1315 5460 1360 5506 P
1563 5474 1706 5508 suam
1746 5476 1786 5508 π
2007 5461 2104 5509 iam
2142 5462 2356 5510 alterum
2391 5476 2487 5509 om.
2529 5476 2571 5509 π
2828 5459 2920 5508 132
2958 5443 3015 5507 5⁸
3067 5459 3105 5506 V
3142 5459 3197 5521 (N
3232 5455 3322 5518 m2)
3537 5460 3672 5507 omia
3711 5459 3771 5520 P,
3811 5463 3917 5505 orni
3954 5473 3993 5506 π

735 5543 827 5609 (m2
862 5546 1020 5605 sonia)
1237 5545 1376 5594 Finit
1411 5546 1538 5607 epl'a
1579 5545 1623 5591 P
1830 5548 1942 5594 nale
1981 5547 2102 5594 felix
2141 5549 2453 5608 optatissime
2490 5546 2608 5595 add.
2649 5551 2684 5612 β

905 5633 949 5680 1.
987 5632 1189 5680 nullum
1223 5633 1403 5680 lemma
1440 5648 1482 5681 ω
1727 5633 1800 5679 De
1841 5624 2069 5692 Augusto
2109 5634 2424 5682 Pulmannus
2459 5636 2602 5693 volyo
2834 5632 2850 5680 1
2898 5637 3094 5694 praeses
3134 5631 3188 5678 M
3412 5630 3442 5680 2
3477 5637 3587 5692 post
3622 5645 3829 5693 praepes
3864 5645 3989 5679 eras.

733 5719 962 5766 numeris
1001 5717 1057 5764 M
1262 5718 1291 5766 5
1330 5719 1489 5779 prelia
1529 5719 1583 5764 M
