4630 6435
829 445 1038 512 XLVI
2225 444 2685 501 PROOEMIVM.

828 674 1044 753 perat,
1122 674 1292 734 recte
1358 667 1679 733 intellexit
1743 668 2055 754 Peiperus
2101 672 2247 734 217.
2343 690 2509 753 quae
2576 689 2679 736 res
2746 670 3154 735 confirmatur
3216 668 3318 734 his
3384 667 3764 734 lectionibus
3829 686 3872 730 a
3936 665 4087 731 Pul-

826 807 1063 854 manno
1121 788 1189 853 in
1246 788 1538 872 margine
1582 788 1886 855 editionis
1933 810 2088 856 suae
2133 789 2439 857 adiectis:
2511 793 2632 854 192
2688 790 3043 875 ‘propulit’‚
3112 792 3237 854 359
3291 788 3574 873 ‘gelbis’,
3646 792 3770 853 365
3825 787 4083 854 ‘drabo-

824 910 1026 991 num',
1098 909 1222 974 389
1280 908 1523 993 ‘quod’,
1592 913 1717 974 452
1774 912 2116 976 ‘munera’.
2208 910 2360 976 aliis
2418 910 2608 994 locis,
2676 910 2875 977 veluti
2939 913 3058 975 198
3115 909 3460 977 ‘confudit’
3514 907 4074 995 (⁴00nfundit‘VG),

828 1032 952 1095 367
1025 1030 1264 1096 ‘mollis
1323 1032 1581 1096 arauus’
1653 1031 1877 1114 (‘mole
1936 1035 2232 1098 sarauus'
2283 1032 2397 1116 G),
2465 1030 2704 1099 erravit
2759 1032 3156 1098 Pulmannus
3209 1032 3276 1096 in
3334 1030 3668 1116 scripturis
3724 1028 4084 1096 indicandis

827 1150 1177 1216 Woutersii
1221 1150 1541 1237 excerptis
1588 1171 1733 1218 cum
1777 1151 1891 1233 eis,
1946 1172 2113 1236 quae
2158 1152 2300 1238 ipse
2346 1174 2429 1220 ex
2469 1152 2924 1220 Gemblacensi
2967 1159 3362 1232 enotaverat,
3418 1151 3724 1218 confusis.
3818 1152 4084 1217 Ermen-

827 1270 999 1336 ricus
1042 1278 1259 1337 autem
1305 1273 1687 1355 monachus,
1756 1273 1866 1356 qui
1914 1293 2081 1340 anno
2126 1273 2262 1340 fere
2305 1291 2526 1341 Decor.
2569 1273 2766 1340 vitam
2812 1273 2882 1340 S.
2934 1273 3110 1339 Galli
3155 1293 3535 1358 componere
3577 1272 3853 1339 instituit
3895 1278 4083 1355 atque

825 1391 894 1457 in
938 1391 1217 1478 epistula
1259 1392 1347 1458 ad
1392 1393 1791 1460 Grimoldum
1837 1393 2420 1480 archicapellanum
2466 1394 2704 1479 scripta
2721 1396 2824 1478 ⁴⁴),
2884 1394 2954 1461 in
2996 1393 3221 1479 primis
3265 1394 3332 1459 in
3377 1393 3863 1478 epigrammate,
3916 1392 4084 1477 quod

825 1512 1051 1579 ultimo
1110 1514 1247 1580 loco
1308 1513 1575 1598 legitur,
1646 1515 2007 1601 complures
2066 1515 2384 1581 Mosellae
2433 1534 2660 1583 versus
2718 1514 2786 1581 in
2843 1535 3032 1582 usum
3090 1534 3276 1580 suum
3335 1514 3650 1581 convertit
3716 1513 3822 1598 (cf.
3871 1514 3956 1578 H.
4003 1514 4075 1579 Ε.

825 1634 1122 1700 Bonnell.
1176 1633 1406 1700 Philol.
1458 1636 1614 1701 VIII
1658 1640 1784 1700 440
1816 1655 1991 1720 sqq.,
2046 1636 2133 1700 M.
2183 1636 2404 1721 Haupt
2448 1636 2684 1721 Opuse.
2737 1636 2837 1702 III
2883 1637 3057 1719 358),
3112 1642 3322 1702 utrum
3368 1635 3600 1701 librum
3648 1633 3853 1701 codici
3902 1638 3951 1697 G
3998 1633 4086 1699 si-

825 1753 1045 1820 milem
1089 1775 1175 1820 an
1220 1755 1453 1839 alium,
1525 1754 1636 1840 qui
1681 1777 1824 1822 cum
1870 1757 2099 1822 ceteris
2144 1754 2454 1837 faciebat,
2524 1756 2853 1838 habuerit,
2910 1775 3053 1822 cum
3098 1756 3167 1821 in
3210 1756 3336 1837 eis,
3390 1755 3625 1839 quibus
3668 1756 3736 1821 in
3779 1755 4085 1840 opusculo

827 1895 945 1941 suo
991 1875 1430 1943 concinnando
1475 1894 1633 1943 usus
1679 1883 1795 1959 est,
1852 1877 2144 1943 versibus
2188 1875 2451 1961 gravior
2495 1876 2850 1961 scripturae
2894 1876 3327 1962 discrepantia
3364 1898 3489 1942 non
3517 1876 3904 1957 inveniatur,
3957 1875 4083 1941 iam

826 2016 955 2062 non
1000 1996 1356 2063 diiudicare
1400 1996 1639 2078 lieet⁴⁵)
1658 2049 1672 2063 .

997 2115 1146 2199 Eis,
1215 2137 1379 2202 quae
1424 2116 1614 2184 modo
1661 2119 1742 2186 de
1786 2117 2096 2184 Mosellae
2139 2115 2325 2183 libris
2371 2116 2878 2202 disputavimus,
2946 2117 3261 2202 quaedam
3325 2118 3407 2185 de
3452 2116 3913 2185 Caesaribus
3968 2115 4086 2180 ad-

825 2236 1191 2321 iungamus.
1306 2237 1490 2305 cuius
1565 2238 1866 2305 carminis
1940 2259 2108 2322 quae
2181 2258 2352 2303 nunc
2426 2245 2773 2324 supersunt
2836 2237 3050 2304 omnia
3066 2242 3136 2323 ⁴⁶)
3222 2245 3482 2325 praeter
3557 2243 3743 2304 VBW
3812 2235 4087 2303 eontinet

824 2357 1210 2442 Reginensis
1261 2362 1425 2424 1283
1480 2360 1603 2443 (Σ),
1658 2380 1740 2424 ex
1783 2358 2060 2425 diversis
2104 2359 2300 2445 plane
2346 2359 2679 2446 particulis
2723 2359 3147 2441 consociatus,
3200 2360 3270 2426 in
3310 2361 3377 2425 ff.
3422 2363 3571 2424 112v
3604 2365 3670 2425 et
3705 2361 3851 2422 113r
3893 2376 4081 2421 manu

825 2497 997 2545 saec.
1048 2478 1180 2544 XII
1223 2478 1465 2564 scripta
1516 2480 1727 2562 (inscr.
1789 2478 2051 2564 ‘Incipit
2093 2483 2265 2564 epia.
2358 2479 2628 2546 Ausonii
2672 2478 2760 2545 ad
2802 2479 3209 2566 Hesperiumx
3232 2481 3494 2560 filium'3
3559 2477 3882 2546 ‘Ausonii'
3929 2475 4079 2544 add.

825 2619 913 2664 m.
984 2598 1140 2681 alt.,
1223 2600 1340 2667 sed
1414 2599 1705 2667 eiusdem
1779 2599 2045 2681 aetatis,
2129 2619 2294 2683 quae
2366 2600 2435 2665 in
2500 2605 2680 2666 textu
2746 2619 3002 2684 quoque
3070 2601 3308 2667 menda
3371 2599 3694 2684 quaedam
3761 2597 4080 2680 correxit).

827 2719 1232 2786 contulerunt
1271 2719 1437 2786 haec
1480 2720 1640 2786 folia
1682 2722 1763 2787 A.
1813 2720 1965 2786 Mau
2009 2726 2073 2786 et
2117 2719 2197 2786 Gr.
2251 2719 2678 2786 Studemund.
2772 2719 2921 2786 libri
2965 2725 3162 2786 BWE
3203 2727 3453 2803 autem,
3519 2727 3593 2787 ut
3651 2740 3795 2787 cum
3852 2722 3900 2783 V
3936 2738 4085 2784 con-

826 2839 1102 2925 spirant,
1156 2840 1227 2906 id
1270 2840 1445 2925 quod
1489 2840 1820 2925 scripturis
1863 2839 2115 2908 collatis
2155 2840 2352 2907 facile
2395 2840 2823 2924 intellegitur,
2893 2840 2986 2908 ita
3029 2841 3262 2908 artiore
3305 2841 3563 2907 vinculo
3605 2840 3774 2907 inter
3817 2858 3890 2907 se
3937 2858 4088 2904 con-

823 2960 1024 3028 iuncti
1067 2968 1235 3043 sunt,
1290 2982 1371 3028 ex
1417 2961 1643 3028 eodem
1688 2960 2042 3046 exemplari
2088 2968 2385 3046 corrupto
2431 2961 2810 3044 lacunisque
2849 2961 3203 3029 deformato
3240 2961 3532 3048 profecti.
3613 2959 3883 3027 eaedem
3918 2959 4085 3026 enim

823 3080 893 3146 in
947 3082 1244 3148 omnibus
1303 3083 1578 3149 lacunae
1637 3081 2049 3148 inveniuntur
2115 3082 2217 3166 (cf.
2278 3087 2347 3163 1,
2404 3083 2519 3164 28,
2576 3084 2691 3163 303
2768 3086 2840 3165 2,
2898 3085 3011 3165 23,
3080 3102 3205 3167 quo
3265 3082 3333 3149 in
3389 3102 3581 3148 versu
3626 3086 3739 3146 ΒΣ
3793 3081 4088 3147 omittunt

825 3202 1024 3270 verba
1078 3206 1171 3269 ‘et
1215 3201 1482 3270 crimina
1524 3205 1823 3289 passus’3
1875 3202 1944 3267 in
1984 3206 2063 3267 W
2100 3201 2264 3268 haec
2307 3201 2507 3269 verba
2551 3209 2790 3271 temere
2835 3207 3080 3271 mutata
3126 3210 3275 3270 sunt
3313 3203 3383 3270 in
3423 3208 3514 3270 ‘et
3543 3209 3719 3269 certa
3747 3203 4076 3288 potestas‘)

824 3330 891 3390 et
956 3324 1311 3410 scripturae
1368 3345 1410 3390 a
1453 3323 1767 3389 Vossiano
1825 3322 2298 3408 discrepantes,
2368 3323 2569 3389 veluti
2622 3328 2681 3407 2,
2738 3329 2811 3390 81
2891 3324 3203 3392 ‘sceleris’
3261 3324 3611 3410 (‘sceptris'
3672 3326 3766 3408 V),
3834 3343 3963 3407 qua
4019 3343 4086 3388 re

822 3445 1013 3511 simul
1059 3445 1505 3530 comprobatur
1563 3463 1677 3510 eos
1737 3465 1819 3510 ex
1876 3449 1924 3509 V
1960 3444 2280 3528 profectos
2337 3464 2464 3511 non
2522 3462 2688 3512 esse.
2783 3445 2977 3511 latius
3036 3451 3255 3511 autem
3312 3444 3629 3530 serpentis
3688 3444 4086 3529 corruptelae

832 3564 1190 3650 specimina
1231 3564 1299 3631 in
1345 3564 1572 3650 primis
1615 3564 1685 3630 in
1712 3570 1767 3629 B
1813 3564 2393 3650 deprehenduntur,
2448 3564 2516 3631 id
2558 3565 2730 3649 quod
2777 3565 2878 3631 his
2909 3564 3239 3651 scripturis
3267 3565 3576 3651 inspectis
3606 3566 3849 3631 elucet:
3910 3569 3964 3645 1,
4005 3567 4082 3628 33

836 3684 1213 3772 ‘expendit’‚
1271 3689 1349 3751 37
1410 3685 1519 3752 ‘de
1564 3686 1808 3768 morte’,
1866 3689 1923 3764 2,
1984 3689 2011 3748 1
2075 3686 2319 3767 ‘more',
2383 3687 2458 3749 12
2514 3689 2695 3768 ‘ore’,
2761 3689 2843 3750 22
2901 3685 3222 3772 ‘imperii’,
3293 3688 3373 3750 29
3430 3685 3705 3768 ‘teneri‘,
3776 3688 3857 3749 35
3913 3683 4080 3750 ‘erit’

825 3826 979 3888 om.,
1037 3810 1116 3872 38
1175 3810 1386 3882 ‘cesar
1430 3805 1674 3888 fueris',
1730 3809 1811 3869 49
1868 3803 2233 3889 ‘geminos’,
2288 3809 2360 3869 91
2429 3806 2730 3871 ‘carens’.
2826 3827 2970 3872 cum
3025 3811 3157 3872 W}
3199 3806 3524 3891 conspirat
3565 3806 3706 3873 cod.
3757 3804 4084 3871 Parisinus

825 3929 991 3992 9347
1050 3926 1275 4011 (‘liber
1304 3925 1373 3991 S.
1409 3924 1688 4009 Remigii
1717 3926 1900 3990 Rem.
1938 3926 2064 3991 uol.
2102 3926 2306 4010 IIII'),
2364 3944 2533 3991 saec.
2571 3926 2776 4007 VIIII,
2832 3927 2942 4010 qui
2972 3935 3119 4013 post
3149 3927 3429 4008 Iuvenci,
3485 3925 3735 3993 Sedulii
3779 3925 4083 3991 aliorum-

822 4067 949 4132 que
996 4045 1284 4113 carmina
1328 4051 1393 4112 et
1436 4046 1514 4125 Q.
1552 4045 1777 4112 Sereni
1810 4045 2195 4112 Sammonici
2240 4046 2473 4112 librum
2518 4046 2968 4114 medicinalem
3014 4048 3059 4114 f.
3110 4054 3187 4112 57
3237 4047 3638 4114 monosticha
3681 4046 3945 4114 exhibet
3984 4045 4084 4111 in·-

824 4167 1170 4254 scriptione
1215 4188 1343 4233 non
1386 4166 1660 4247 adiecta,
1715 4186 1880 4250 quae
1925 4166 2250 4252 excipiunt
2293 4166 2581 4232 Aratoris
2612 4167 2897 4234 Historia
2940 4167 3297 4253 apostolica
3326 4175 3393 4234 et
3422 4168 3722 4235 Venantii
3751 4165 4083 4233 Fortunati

823 4288 971 4355 libri
1004 4289 1100 4354 XI
1140 4287 1245 4372 (cf.
1283 4287 1519 4353 Leonis
1548 4286 1756 4372 praef.
1791 4287 1963 4370 VII),
2019 4308 2161 4353 cum
2193 4287 2603 4354 Bruxellensi
2643 4308 2816 4369 ver0,
2873 4308 3261 4374 quamquam
3305 4287 3466 4355 locis
3509 4288 3893 4373 quibusdam
3940 4307 4080 4353 eum

836 4413 964 4475 WB
1007 4408 1178 4490 facit,
1234 4407 1702 4492 Magliabecch.
1755 4408 1876 4488 16,
1920 4411 2021 4490 29,
2074 4407 2142 4473 in
2186 4428 2314 4491 quo
2364 4408 2409 4473 f.
2454 4413 2599 4472 117r
2643 4409 3042 4475 monosticha
3071 4415 3246 4476 etex
3277 4409 3669 4477 tetrastichis
3701 4427 3925 4475 versus
3963 4412 4081 4470 1-

825 4534 906 4596 80
951 4528 1167 4597 inesse
1213 4547 1410 4614 supra
1449 4529 1533 4612 (p.
1573 4527 1755 4611 XXI)
1797 4526 2098 4594 diximus.
2191 4550 2322 4612 qua
2365 4528 2433 4593 in
2478 4549 2547 4594 re
2592 4528 2661 4595 in
2707 4528 2931 4614 primis
2977 4529 3425 4597 memorabiles
3457 4536 3607 4597 sunt
3634 4530 3703 4595 hi
3734 4527 3888 4595 loci:
3950 4532 3999 4610 1,
4042 4530 4079 4591 8

996 4894 1080 4956 44)
1122 4896 1187 4943 cf.
1229 4894 1509 4942 Ermenrici
1558 4894 1769 4957 epistola
1815 4894 1875 4941 ad
1925 4893 2234 4942 Grimoldum
2280 4894 2730 4956 archicapellanum
2780 4908 2846 4942 ex
2893 4894 3002 4942 eod.
3055 4895 3105 4943 S.
3159 4895 3292 4943 Galli
3329 4895 3428 4945 265
3478 4896 3639 4944 edidit
3683 4895 3746 4944 Ε.
3787 4892 4083 4942 Duemmler

821 4981 939 5029 Hal.
982 4979 1103 5030 Sax.
1149 4979 1279 5029 1873
1320 4985 1374 5029 et
1408 4981 1565 5029 Ebert
1598 4982 1652 5028 11
1692 4979 1782 5029 181
1813 4994 1919 5042 sqq.

993 5065 1077 5128 45)
1121 5080 1185 5114 ne
1232 5066 1349 5128 quis
1395 5080 1459 5114 ex
1496 5066 1786 5125 Boeckingii
1836 5065 2156 5115 adnotatione
2201 5066 2264 5115 ad
2301 5081 2349 5113 v.
2392 5064 2458 5115 68
2495 5066 2709 5115 coniciat
2746 5066 3018 5115 Heinsium
3053 5067 3213 5115 veteri
3249 5067 3459 5129 quodam
3498 5067 3735 5116 Mosellae
3772 5067 3896 5115 libro
3933 5079 4078 5112 usum

823 5167 950 5213 esse,
995 5154 1121 5201 scito
1157 5153 1428 5202 Heinsium
1466 5155 1518 5202 in
1557 5153 1835 5214 exemplari
1871 5152 2199 5212 Lugdunensi
2240 5153 2398 5201 ‘Lota
2433 5152 2512 5201 vel
2547 5151 2650 5201 Mo‘
2689 5153 2967 5215 scripsisse,
3009 5153 3181 5215 itaque
3217 5159 3306 5201 aut
3344 5150 3516 5202 ‘Lota'
3554 5159 3642 5202 aut
3683 5150 3863 5201 ‘Mota'
3900 5164 4078 5216 propo-

821 5240 1007 5301 suisse,
1045 5244 1321 5301 utrumque
1358 5239 1588 5289 absurde.

991 5324 1078 5388 46)
1120 5331 1291 5374 utrum
1328 5326 1380 5374 in
1420 5326 1749 5388 Caesaribus,
1797 5325 1885 5387 qui
1922 5339 2057 5375 nunc
2093 5326 2336 5375 desinunt
2369 5327 2424 5373 in
2462 5326 2859 5375 tetrastichorum
2896 5327 3114 5375 carmine
3150 5326 3359 5376 XXIIII
3395 5326 3587 5386 medio,
3640 5326 3886 5389 quaedam
3921 5326 4079 5374 inter-

822 5412 1040 5461 ciderint
1075 5426 1139 5459 an
1176 5413 1436 5461 Ausonius
1475 5413 1641 5462 taedio
1679 5412 1905 5460 adfectus
1942 5417 2033 5461 aut
2069 5417 2227 5461 morte
2262 5411 2542 5476 impeditus
2578 5426 2705 5475 opus
2742 5413 3027 5477 abruperit,
3078 5414 3196 5475 quis
3232 5427 3418 5474 quaeso
3453 5426 3589 5462 nunc
3623 5413 3896 5462 diiudicet?
3951 5410 4077 5474 quod

820 5499 873 5546 in
920 5498 962 5545 V
991 5504 1106 5562 post
1141 5515 1186 5548 v,
1230 5497 1296 5549 98
1334 5499 1546 5550 duorum
1584 5512 1823 5548 versuum
1859 5498 2021 5562 spatio
2059 5498 2233 5546 relicto
2268 5499 2455 5559 legitur
2492 5497 2785 5547 ‘Conclusio
2798 5499 2825 5561 ’,
2880 5499 2933 5548 id
2981 5500 3190 5548 fortasse
3238 5501 3308 5547 ita
3356 5500 3594 5561 explicari
3631 5503 3825 5561 potest,
3879 5503 3938 5547 ut
3972 5500 4075 5546 sta-

819 5589 1019 5632 tuamus
1055 5585 1173 5633 olim
1215 5583 1420 5634 ‘Deest’
1460 5587 1541 5633 vel
1583 5585 1936 5634 ‘Desideratur
1962 5584 2251 5634 Conclusio'
2291 5586 2531 5648 scriptum
2566 5585 2757 5647 fuisse3
2800 5599 2917 5633 nam
2955 5592 3006 5635 et
3041 5586 3395 5649 inscriptiones
3433 5591 3484 5634 et
3521 5585 3917 5646 subscriptiones
3951 5584 4006 5631 in
4040 5584 4082 5631 V

818 5669 951 5717 haud
988 5683 1095 5720 raro
1131 5671 1428 5735 depravatas
1463 5686 1517 5720 ae
1553 5672 1809 5721 mutilatas
1846 5685 1958 5720 esse
1994 5671 2321 5719 manifestum
2361 5676 2458 5721 est.
2534 5671 2576 5718 ii
2612 5675 2782 5719 autem
2819 5684 3024 5734 versura,
3064 5685 3189 5733 quos
3225 5686 3279 5721 se
3313 5672 3496 5732 legisse
3532 5672 3655 5721 dicit
3691 5672 3863 5722 Dousa
3897 5673 3953 5722 iu
3987 5684 4076 5717 ve-

822 5756 919 5807 teri
956 5755 1120 5806 codiee
1162 5757 1246 5823 (ct.
1286 5757 1440 5808 huius
1477 5757 1717 5807 editionis
1751 5773 1803 5824 p.
1850 5756 1990 5823 119),
2031 5757 2157 5822 quin
2194 5758 2418 5808 noviciae
2455 5757 2560 5806 sint
2594 5757 2823 5820 originis,
2864 5756 3083 5808 dubitari
3119 5771 3219 5806 non
3254 5764 3439 5824 potest.
