4630 6435
862 422 943 481 24
2339 416 2640 471 Avsoml

858 606 1160 671 sentiunt.
1255 611 1360 671 35.
1412 626 1579 671 unus
1623 608 1692 671 in
1736 626 1846 672 ore
1892 606 2173 670 omnium
2221 604 2592 685 Gratianus,
2644 613 2962 690 potestate
3007 606 3369 690 imperator,
3424 608 3659 674 virtute
3704 608 3924 687 victor,
3978 610 4112 674 Au-
4150 628 4210 669 πο

857 716 1084 791 gustus
1129 710 1487 790 sanctitate,
1542 709 1832 793 pontifex
1878 709 2209 793 religione,
2260 708 2673 792 indulgentia
2718 719 2921 793 pater,
2974 716 3188 776 aetate
3232 711 3423 792 filius,
3478 711 3720 796 pietate
3750 719 4107 795 utrumque.

1029 812 1205 876 VIII.
1259 816 1365 877 36.
1416 812 1563 878 Non
1608 833 1871 897 possum
1900 811 2054 877 fidei
2087 831 2284 877 causa
2315 812 2656 878 ostendere
2688 813 3005 896 imagines
3035 813 3345 879 maiorum
3377 835 3660 880 meorum
3704 821 3792 897 (ut
3821 815 3914 880 ait
3941 815 4114 900 apud

857 915 1236 981 Sallustium
1266 914 1525 998 Marius)
1566 936 1685 981 nec
1715 916 2062 982 deductum
2092 917 2175 980 ab
2208 916 2507 981 heroibus
2539 936 2744 999 genus
2778 916 2945 1000 <vel>
2981 916 3145 982 adeo
3175 916 3438 983 deorum
3471 925 3744 984 stemma
3773 919 4105 1004 replicare,

853 1038 974 1084 nec
1017 1018 1272 1101 ignotas
1318 1038 1475 1103 opes
1521 1025 1585 1084 et
1629 1019 2011 1103 patrimonia
2055 1039 2283 1103 sparsa
2330 1021 2447 1085 sub
2480 1020 2718 1103 regnis,
2771 1020 2889 1085 sed
2919 1040 3019 1099 ea,
3072 1041 3237 1103 quae
3268 1028 3419 1085 nota
3447 1029 3618 1101 sunt,
3663 1021 3875 1086 dicere
3906 1022 4116 1106 potius

856 1142 1049 1204 quam
1093 1122 1489 1206 praedicare,
1541 1122 1814 1206 patriam
1860 1143 1986 1187 non
2031 1123 2388 1203 obscuram,
2442 1122 2754 1188 familiam
2800 1143 2927 1187 non
2973 1123 3445 1207 paenitendam,
3509 1124 3762 1190 domum
3807 1125 4116 1189 innocen-

853 1234 1005 1307 tem,
1057 1225 1487 1290 innocentiam
1531 1245 1656 1289 non
1703 1232 2010 1306 coactam,
2063 1233 2379 1308 angustas
2424 1245 2600 1311 opes,
2656 1246 2877 1291 verum
2921 1234 3138 1292 tamen
3183 1226 3364 1293 libris
3410 1235 3475 1292 et
3521 1227 3748 1292 litteris
3781 1227 4105 1307 dilatataS,
4153 1250 4179 1287 ⁵

855 1327 1292 1412 frugalitatem
1338 1328 1475 1393 sine
1522 1327 1849 1408 sordibus,
1903 1328 2232 1411 ingenium
2280 1328 2571 1406 liberale,
2623 1329 2908 1393 animum
2954 1350 3079 1393 non
3125 1329 3564 1410 inliberalem,
3636 1331 3872 1395 victum
3918 1331 4115 1394 vesti-

855 1438 990 1497 tum
1048 1431 1515 1517 supellectilem
1572 1431 1847 1511 munda,
1912 1452 2040 1496 non
2085 1431 2463 1516 splendida,
2535 1433 2857 1498 veteribus
2902 1439 2971 1497 ut
3013 1432 3145 1496 illis
3191 1433 3560 1498 consulibus
3616 1436 3907 1517 (excepta
3950 1452 4114 1516 quae

854 1541 987 1599 tum
1033 1541 1215 1599 erant
1258 1534 1634 1600 bellicarum
1681 1533 2040 1599 conlatione
2086 1534 2412 1616 virtutum)
2470 1534 2526 1598 si
2571 1534 2718 1624 quis
2764 1554 2866 1599 me
2912 1534 3201 1600 conferre
3246 1535 3580 1618 dignetur,
3642 1542 3912 1620 seponat
3954 1556 4113 1620 opu-

853 1638 1153 1719 lentiam,
1221 1659 1347 1703 non
1392 1638 1815 1720 derogaturus
1860 1636 2263 1701 industriam.
2364 1641 2469 1701 37.
2520 1657 2743 1702 verum
2788 1637 3088 1719 quoniam
3134 1638 3362 1720 gratiis
3407 1638 3679 1721 agendis
3737 1637 4112 1704 iamdudum

855 1741 1197 1806 succumbo
1241 1741 1584 1821 materiae,
1638 1746 1706 1804 tu
1753 1739 2023 1805 orationi
2068 1760 2285 1820 meae,
2342 1740 2682 1817 Gratiane,
2739 1740 3050 1819 succede,
3151 1743 3254 1804 38.
3309 1749 3395 1818 tu,
3453 1741 3783 1819 Gratiane,
3839 1741 3946 1823 qui
3994 1741 4115 1807 hoc
4158 1764 4210 1803 ιο

853 1864 1088 1910 nomen
1121 1844 1213 1908 sic
1256 1864 1373 1928 per
1417 1843 1732 1908 fortunam
1777 1843 2054 1925 adeptus
2099 1860 2189 1921 es,
2246 1849 2318 1907 ut
2362 1862 2549 1908 nemo
2595 1843 2808 1908 verius
2853 1843 3201 1908 ambitione
3245 1845 3616 1927 quaesierit.
3690 1864 3896 1927 neque
3943 1844 4111 1909 enim

852 1946 1084 2012 iustius
1113 1946 1414 2011 Metellus
1462 1952 1880 2028 cognomento
1912 1945 2067 2010 Pius
2111 1952 2294 2030 patre
2341 1952 2657 2026 revocato,
2713 1946 2822 2028 qui
2867 1952 3042 2011 esset
3085 1946 3320 2030 impius
3366 1949 3690 2026 exulante,
3744 1955 3856 2013 aut
3899 1949 4114 2013 verius

854 2049 1039 2115 Sulla
1084 2050 1304 2127 Felix,
1367 2049 1475 2132 qui
1520 2048 1768 2114 felicior
1824 2056 1974 2113 ante
2032 2068 2223 2130 quam
2283 2056 2652 2129 vocaretur,
2721 2069 2912 2132 quam
2971 2056 3038 2115 tu
3089 2049 3464 2129 Gratianus,
3535 2051 3637 2116 cui
3699 2058 3764 2116 et
3822 2051 3941 2116 hoc
4000 2071 4114 2115 no-

853 2174 1001 2218 men
1046 2160 1145 2218 est
1188 2159 1253 2217 et
1293 2153 1411 2217 illa
1453 2151 1698 2217 Metelli
1745 2152 2092 2235 Sullaeque
2137 2152 2557 2233 cognomina:
2643 2155 2748 2216 39.
2807 2159 2893 2232 tu,
2950 2152 3229 2234 inquam,
3287 2154 3613 2234 Gratiane,
3670 2154 3778 2235 qui
3824 2153 3943 2218 hoc
3987 2175 4112 2219 non

853 2257 1126 2341 singulis
1171 2256 1396 2335 factis,
1451 2255 1568 2321 sed
1613 2261 1926 2341 perpetua
1970 2262 2152 2337 grate
2198 2255 2437 2337 agendi
2482 2254 2884 2338 benignitate
2931 2256 3254 2338 meruisti,
3323 2256 3460 2335 cui,
3530 2257 3653 2322 nisi
3700 2257 3783 2321 ab
3830 2277 3951 2322 avo
3998 2258 4110 2321 de-
4152 2280 4211 2319 ιε,

851 2359 1112 2424 ductum
1160 2365 1366 2439 esset,
1419 2357 1501 2423 ab
1548 2358 1840 2423 omnibus
1884 2357 2260 2437 adderetur,
2317 2366 2384 2423 tu
2430 2358 2571 2441 ipse
2615 2359 2764 2438 tibi,
2820 2359 3114 2441 inquam,
3170 2380 3286 2444 pro
3332 2380 3433 2424 me
3477 2360 3755 2443 gratiam
3804 2359 3988 2437 refer,
4043 2367 4110 2425 tu

854 2470 1136 2544 tuaeque
1182 2461 1486 2527 virtutes:
1553 2461 1839 2539 bonitas,
1908 2481 2036 2542 qua
2080 2462 2144 2525 in
2192 2481 2414 2526 omnes
2458 2462 2749 2545 prolixus
2796 2482 2900 2539 es,
2965 2470 3314 2547 perpetuus
3359 2463 3428 2526 in
3475 2482 3609 2528 me:
3678 2462 3916 2547 pietas,
3986 2483 4113 2545 qua

856 2565 1074 2630 orbem
1136 2570 1313 2629 tuum
1358 2570 1714 2648 temperas,
1753 2584 1975 2645 ,quam
2022 2564 2091 2628 in
2135 2565 2505 2630 ulciscendo
2551 2573 2779 2649 patruo
2824 2566 3087 2649 probaS,
3159 2565 3394 2631 tuendo
3439 2566 3505 2629 in
3551 2565 3746 2630 fratre
3793 2566 4102 2643 cumulas,

854 2667 1141 2732 ornando
1187 2668 1252 2731 in
1301 2674 1716 2752 praeceptore
1761 2667 2179 2751 multiplicas.
2267 2672 2373 2732 40.
2425 2675 2582 2750 agat
2624 2668 2869 2752 gratias
2914 2669 3273 2747 clementia,
3328 2689 3518 2750 quam
3565 2668 3846 2733 humano
3891 2668 4111 2750 generi

849 2770 1147 2854 inpertis:
1205 2769 1578 2851 liberalitas,
1632 2791 1763 2852 qua
1806 2770 1977 2836 ditas
2024 2791 2278 2837 omnes:
2338 2771 2659 2850 fortitud0,
2716 2793 2843 2854 qua
2887 2772 3114 2853 vinciS,
3168 2779 3234 2838 et
3280 2792 3460 2837 mens
3489 2772 3616 2837 ista
3647 2791 3862 2847 aurea,
3917 2792 4106 2853 quam
4146 2793 4207 2833 2⁴»

853 2874 934 2939 de
981 2875 1298 2940 communi
1342 2874 1464 2939 deo
1509 2876 1656 2959 plus
1699 2895 1891 2958 quam
1953 2896 2117 2940 unus
2175 2875 2473 2941 hausisti.
2568 2882 2769 2958 agant
2825 2883 2890 2941 et
2946 2896 3059 2961 pro
3121 2896 3221 2941 me
3280 2875 3523 2958 gratias
3583 2894 3772 2941 voces
3829 2876 4107 2940 omnium

855 2977 1249 3057 Galliarum,
1315 2997 1584 3058 quarum
1629 2977 1953 3061 praefecto
1999 2978 2167 3043 hanc
2209 2978 2759 3044 honorificentiam
2804 2978 3114 3044 detulisti.
3212 2979 3379 3044 ultra
3423 2977 3796 3062 progredior
3839 2987 3934 3059 et,
3992 2978 4109 3043 hoc

853 3080 1006 3162 quia
1050 3079 1287 3145 debere
1332 3086 1395 3144 te
1442 3079 1623 3160 dicis,
1676 3088 1849 3163 agat,
1902 3101 2070 3163 quae
2116 3081 2353 3165 optime
2399 3102 2594 3164 agere
2640 3088 2866 3165 potest,
2920 3102 3043 3146 vox
3090 3081 3235 3163 ista,
3288 3102 3479 3164 quam
3528 3081 3738 3147 docui.

1026 3182 1236 3247 VIIII.
1289 3186 1396 3246 41.
1447 3181 1831 3247 Iamdudum
1862 3190 2077 3249 autem
2108 3204 2303 3267 quam
2348 3184 2514 3267 grati
2556 3184 2777 3263 animi,
2831 3190 2961 3249 tam
3009 3185 3321 3250 sermonis
3352 3184 3574 3267 exigui
3629 3185 3943 3269 (utsupra
3974 3184 4113 3249 dic-

851 3295 984 3353 tum
1030 3289 1148 3369 est)
1204 3287 1549 3352 succumbo
1596 3287 1903 3352 materiae
1949 3308 2157 3370 neque
2203 3288 2417 3353 adhuc
2461 3288 2577 3352 illa
2623 3289 3002 3372 perstrinxi,
3072 3309 3237 3371 quae
3292 3308 3376 3352 ne
3434 3288 3908 3353 infantissimus
3966 3289 4108 3372 qui-

851 3391 1031 3474 dem,
1083 3391 1210 3455 nisi
1254 3392 1426 3456 idem
1473 3387 1927 3474 impiissimus,
1990 3391 2339 3456 eminentia
2384 3412 2499 3476 per
2543 3391 2785 3455 famam
2833 3400 2897 3456 et
2943 3392 3224 3456 omnium
3268 3392 3526 3474 gaudiis
3570 3399 3809 3456 testata
3853 3393 4109 3477 suppri-

852 3502 1073 3560 meret.
1169 3514 1333 3577 quae
1380 3513 1572 3578 supra
1619 3493 1787 3558 vires
1835 3493 2093 3559 dicendi
2137 3513 2319 3559 meas
2381 3494 2592 3578 posita
2649 3502 2908 3559 cunctor
2965 3495 3314 3578 attingere,
3384 3502 3497 3560 aut
3554 3495 3790 3576 ingrati
3848 3495 4108 3560 crimine

852 3597 1223 3680 arguendus
1281 3604 1394 3662 aut
1436 3597 1762 3662 temerarii
1808 3597 2207 3681 professione
2254 3597 2647 3681 culpandus,
2714 3605 2967 3678 tamen,
3035 3599 3308 3663 alterum
3356 3618 3497 3662 cum
3545 3597 3947 3663 subeundum
3996 3598 4097 3676 sit,
4145 3623 4169 3660 r»

853 3701 1190 3766 audaciam
1236 3720 1428 3783 quam
1474 3700 1991 3766 malevolentiam
2024 3701 2192 3764 malo
2222 3699 2629 3783 reprehendi.
2698 3705 2805 3763 42.
2854 3706 2943 3778 tu,
2998 3701 3289 3782 Auguste
3321 3700 3730 3780 venerabilis,
3785 3701 4107 3766 districtus

856 3804 1135 3868 maximo
1187 3803 1396 3884 bello,
1462 3803 1940 3868 adsultantibus
1997 3810 2090 3868 tot
2147 3803 2408 3868 milibus
2471 3804 2916 3880 barbarorum,
2987 3810 3139 3886 quot
3182 3803 3462 3867 Danuvii
3514 3823 3626 3867 ora
3684 3805 4099 3887 praetexitur,

855 3907 1113 3971 comitia
1156 3907 1525 3972 consulatus
1570 3908 1696 3973 mei
1740 3914 2022 3972 armatus
2070 3926 2356 3972 exerces,
2468 3907 2706 3972 tributa
2747 3907 2908 3986 ista,
2968 3906 3139 3989 quod
3186 3906 3252 3970 in
3298 3907 3452 3971 urbe
3499 3907 3728 3970 Sirmio
3774 3912 4098 3989 geruntur,

854 4030 940 4074 an
992 4012 1133 4093 [ut],
1187 4009 1357 4092 quod
1400 4009 1465 4073 in
1511 4010 1858 4093 procinctu,
1912 4010 2269 4075 centuriata
2312 4009 2651 4074 dicentur?
2695 4032 2777 4075 an
2827 4016 2895 4073 ut
2938 4009 3260 4090 quondam
3292 4008 3687 4093 pontificalia
3718 4011 4111 4075 vocabuntur

857 4113 996 4178 sine
1028 4111 1289 4178 arbitrio
1319 4112 1749 4178 multitudinis
1779 4113 2183 4179 sacerdotum
2216 4119 2493 4179 tractata
2522 4114 2837 4195 collegio?
2903 4113 2996 4178 sic
3027 4113 3257 4197 potius,
3312 4113 3404 4177 sic
3435 4120 3759 4193 vocentur,
3811 4132 3979 4196 quae
4010 4121 4100 4192 tu,
4150 4136 4201 4175 ιι»

1030 4323 1167 4370 Vlll.
1218 4321 1233 4368 1
1282 4322 1399 4370 Sall.
1439 4322 1556 4372 bell.
1600 4324 1709 4382 lug.
1756 4320 1838 4380 85,
1882 4321 1946 4369 29
1985 4336 2083 4369 non
2121 4336 2321 4383 possum
2360 4324 2475 4369 fldei
2513 4337 2660 4371 causa
2698 4323 2941 4382 imagines
2980 4335 3144 4383 neque
3183 4322 3462 4383 triumphos
3500 4327 3589 4370 aut
3624 4323 3911 4370 consulatus
3951 4324 4106 4369 maio-

859 4424 970 4456 rum
1010 4423 1232 4456 meorum
1270 4415 1521 4456 ostentare
1735 4407 1795 4456 12
1835 4409 1968 4457 Plin.
2010 4423 2127 4469 pan.
2170 4408 2235 4457 88
2272 4411 2464 4469 pietate
2502 4409 2695 4456 Metelli
2929 4408 2987 4456 13
3028 4409 3154 4456 Plin.
3200 4407 3259 4455 N.
3302 4408 3366 4456 H.
3409 4408 3505 4455 VII
3547 4407 3640 4456 137
3682 4422 3815 4455 unus
3851 4408 4106 4454 hominum

859 4495 918 4542 ad
969 4495 1059 4542 hoc
1102 4496 1211 4541 aevi
1249 4495 1430 4542 Felicis
1479 4495 1573 4542 sibi
1622 4509 1891 4554 cognomen
1930 4495 2154 4542 adseruit
2192 4496 2248 4543 1..
2295 4494 2436 4542 Sulla
2474 4533 2484 4544 .
2521 4533 2533 4544 .
2566 4532 2578 4543 .
2621 4501 2673 4542 et
2709 4496 2891 4555 quibus
2929 4495 3189 4542 felicitatis
3226 4494 3463 4541 inductus
3499 4497 3842 4555 argumentis?
3880 4530 3893 4543 .
3923 4531 3936 4544 .
3972 4531 3985 4543 .
4029 4495 4108 4540 fu-

858 4587 969 4629 turo
1006 4587 1229 4642 tempore
1267 4582 1487 4642 infeli13
1529 4580 1598 4640 cf.
1643 4580 1762 4628 Sall.
1804 4582 1921 4629 bell.
1964 4582 2075 4640 Iug.
2117 4580 2200 4640 95,
2244 4579 2274 4627 4
2315 4581 2624 4630 felicissumo
2662 4581 2886 4629 omnium
2922 4585 3040 4628 ante
3077 4581 3277 4627 civilem
3316 4581 3573 4628 victoriam
3851 4580 3917 4627 20
3956 4583 4105 4640 Verg.

857 4669 985 4717 Aen.
1030 4668 1103 4714 Vl
1142 4666 1242 4715 726
1268 4682 1372 4729 sqq.
1417 4683 1558 4715 mens
1593 4668 1752 4728 agitat
1789 4669 1967 4716 molem

1034 4859 1168 4907 V111.
1211 4856 1241 4905 2
1281 4858 1563 4905 sallustium
1587 4872 1639 4917 p,
1684 4859 1949 4904 salustium
1982 4862 2070 4904 cet.
2286 4858 2347 4904 ad
2387 4873 2427 4905 ω
2454 4860 2614 4917 volyo,
2656 4865 2745 4905 aut
2769 4857 3030 4915 Baehrens,
3074 4857 3154 4903 vel
3180 4857 3300 4904 adeo
3324 4870 3406 4916 eqo
3614 4855 3645 4902 4
3682 4857 4036 4918 poenitendam
4070 4857 4109 4902 Τ

858 4945 887 4992 5
925 4945 1108 4992 litteris
1153 4943 1230 5002 Tc,
1272 4944 1462 4990 licteris
1500 4941 1556 4989 M
1597 4945 1682 5000 (sic
1717 4945 1932 5004 saepius,
1974 4948 2028 4990 ut
2066 4944 2255 5005 micto),
2298 4944 2471 4991 liberis
2508 4949 2598 4990 cet.
2644 4945 2780 5002 vocyo
3015 4944 3046 4990 6
3083 4944 3393 4990 inliberalem
3436 4942 3504 4998 M,
3546 4943 3615 4991 ill.
3659 4949 3745 4991 cet.
3986 4941 4016 4989 8
4054 4944 4110 5001 tu]

856 5035 965 5077 tum
997 5029 1036 5076 Τ
1218 5035 1323 5076 erat
1348 5046 1410 5090 ω,
1452 5036 1596 5077 erant
1621 5029 1738 5077 Διά.
1928 5031 2180 5077 belcarum
2211 5031 2252 5076 T
2281 5033 2356 5090 (in
2380 5045 2479 5088 my.
2511 5045 2578 5091 pu
2606 5030 2913 5088 bellicarum]
2946 5030 2993 5089 k,
3034 5029 3322 5076 bellicarum
3354 5026 3476 5088 Mp2,
3518 5029 3805 5076 belliarium
3831 5025 3886 5073 1ιῖ
3911 5029 3984 5090 (ἑτι
4006 5043 4102 5086 my.

857 5117 1186 5175 bellicarum),
1220 5116 1482 5163 belliarum
1509 5116 1601 5178 eE',
1628 5117 1881 5164 balearum
1908 5121 1998 5165 cet.
2204 5115 2266 5163 10
2304 5118 2579 5164 subcumbo
2608 5113 2791 5175 Mp2elc
2980 5105 3217 5162 succede''
3243 5105 3491 5173 gratiane''
3523 5115 3564 5160 Τ
3762 5113 3824 5162 12
3861 5115 4030 5161 iustus
4059 5111 4110 5158 M

862 5200 923 5249 13
960 5202 1072 5250 silla
1113 5201 1214 5248 ΤΜ
1510 5201 1571 5250 14
1609 5203 1879 5263 scillaeque
1923 5202 1978 5261 T,
2023 5202 2269 5263 uillaeque
2311 5201 2364 5247 M
2663 5201 2722 5248 16
2761 5202 3047 5249 hominibus
3089 5201 3142 5247 Μ
3448 5202 3506 5249 18
3543 5215 3793 5262 quamque
3838 5200 3928 5260 Lfy.
3968 5201 4109 5259 votyo

858 5287 924 5336 20
963 5289 1192 5348 impertis
1235 5288 1359 5348 Tpv,
1399 5290 1580 5348 ‘ipartis
1623 5288 1691 5347 M,
1734 5290 1957 5350 impartis
1995 5291 2086 5337 cet.
2301 5287 2361 5336 21
2406 5284 2562 5353 unus]
2601 5289 2734 5335 ullus
2773 5288 2887 5335 Par.
2928 5291 3071 5348 volyo
3282 5302 3429 5336 uoces
3466 5302 3560 5334 om.
3606 5287 3659 5333 Μ

1033 5374 1200 5420 Vllll.
1249 5373 1264 5420 1
1312 5383 1480 5422 tamen
1510 5374 1562 5420 M
1772 5374 1800 5422 2
1840 5377 2112 5423 subcumbo
2141 5375 2267 5423 MeE
2475 5375 2503 5420 :3
2544 5375 2844 5435 suprimeret
2872 5374 2920 5420 M
3132 5375 3162 5422 4
3202 5377 3392 5422 camine
3421 5374 3475 5419 M
3670 5373 3700 5420 5
3739 5373 4026 5420 themerarii
4059 5370 4113 5417 Μ

857 5461 889 5509 6
928 5460 1311 5506 malivolentiam
1352 5475 1392 5507 ω
1606 5461 1876 5509 destrictus
1920 5457 2124 5520 :1'pp2e13
2157 5466 2202 5507 et
2239 5457 2290 5505 72²
2333 5463 2404 5518 ζίη
2440 5476 2540 5519 my.
2585 5460 2749 5518 ἀίει),
2795 5460 3035 5507 detrictus
3076 5460 3177 5514 Mk,
3219 5461 3444 5507 districto
3478 5465 3566 5508 cet.
3785 5458 3810 5505 7
3850 5459 4109 5505 adsultan-

856 5548 994 5592 tibus
1036 5544 1103 5604 M,
1147 5559 1247 5593 asa.
1289 5551 1374 5595 eet.
1591 5548 1818 5594 millibus
1863 5545 2021 5605 TMpv
2231 5553 2351 5606 quot
2393 5547 2443 5598 T,
2486 5548 2670 5606 quibus
2707 5551 2796 5594 cet.
3007 5548 3215 5593 daminii
3259 5546 3326 5604 M,
3369 5547 3576 5593 danubii
3617 5551 3705 5591 cet.
3934 5543 3963 5590 8
4003 5559 4109 5602 syr—

857 5634 954 5679 mio
982 5631 1192 5678 MmueE
1396 5631 1427 5678 9
1466 5648 1525 5679 an
1567 5640 1625 5680 ut
1660 5634 1793 5694 quod
1826 5629 2184 5692 TMkpp2h2cE,
2228 5647 2288 5678 an
2330 5649 2455 5693 qnae
2481 5638 2594 5690 cet,
2635 5647 2696 5679 an
2735 5632 2867 5692 quod
2896 5634 3012 5679 Par.
3225 5634 3452 5692 procintn
3486 5631 3541 5676 M
3747 5638 3803 5676 ut
3840 5626 4111 5694 quondam]

856 5720 1032 5777 utique
1072 5717 1336 5765 Mommsen
1555 5719 1614 5766 lo
1653 5727 1856 5765 uocetur
1894 5716 2000 5778 Mp2
