4630 6435
1956 397 2415 454 PROOEMIVM.
3603 399 3820 462 XLIX

739 626 815 692 In
874 624 1266 691 carminibus
1327 624 1517 690 XXX
1587 624 1713 703 (De
1759 624 1923 689 viro
1965 624 2173 706 bono)
2245 629 2310 687 et
2365 623 2593 687 XXXI
2647 628 2805 693 (NAl
2846 628 2991 686 ΚΑΙ
3033 629 3146 694 ΠΥ)
3203 628 3251 686 G
3298 631 3364 690 ct
3418 627 3496 687 W
3550 624 3834 707 plerum-

571 766 697 830 que
753 746 1162 812 consentiunt
1217 746 1345 825 ita,
1416 751 1517 823 ut,
1585 743 1739 827 quin
1801 744 1889 840 ad
1944 764 2342 809 communem
2404 743 2641 809 fontem
2702 742 3002 823 redeant,
3070 743 3326 808 omnino
3387 743 3667 808 dubitari
3709 762 3836 808 non

571 867 796 953 possit.
892 873 1087 949 atque
1133 886 1214 932 ex
1260 864 1486 931 eodem
1535 865 1710 930 fonte
1754 863 2076 929 fluxerunt
2121 863 2408 944 codices,
2478 863 2713 947 quibus
2757 862 3032 946 Vergilii
3076 863 3182 948 qui
3231 863 3460 929 dicitnr
3503 863 3832 929 Iuvenalis

570 987 707 1053 ludi
769 987 1035 1054 libellus
1095 986 1453 1052 continetur
1518 987 1649 1069 (eos
1695 984 1815 1050 hoc
1859 986 2000 1050 loco
2044 984 2259 1049 littera
2303 989 2352 1046 Z
2392 983 2817 1066 significabo).
2911 984 2982 1050 id
3040 984 3212 1067 quod
3262 984 3390 1049 iam
3439 1004 3519 1050 ex
3562 984 3834 1067 inscrip-

561 1108 735 1173 tione
767 1107 1069 1173 carminis
1100 1106 1296 1171 XXX
1336 1106 1492 1190 (‘De
1522 1106 1917 1171 institutione
1949 1105 2071 1170 uiri
2103 1104 2276 1170 boni'
2313 1108 2509 1183 GWZ,
2561 1105 2686 1170 ‘De
2717 1105 2857 1169 uiro
2887 1106 3052 1171 bono
3086 1104 3462 1189 pytagorice
3492 1105 3829 1170 aT1oac1c'

580 1231 645 1311 V)
714 1235 779 1292 et
839 1227 1170 1311 scripturis
1225 1226 1646 1309 quibusdam,
1715 1227 1915 1292 veluti
1962 1225 2189 1290 XXXI
2233 1246 2294 1289 v.
2357 1227 2432 1288 18
2501 1225 2863 1290 ‘conuenit'
2928 1229 3138 1309 (⁴non'
3187 1228 3338 1306 om.)
3406 1226 3826 1308 intellegitur.

566 1348 772 1413 maior
813 1353 1026 1413 autem
1075 1347 1366 1413 codicum
1412 1353 1458 1410 Z
1499 1367 1641 1412 curn
1693 1351 1769 1410 W
1810 1366 2001 1429 quam
2048 1366 2191 1410 curn
2242 1349 2290 1408 G
2339 1352 2440 1410 est
2483 1345 2797 1429 cognatio.
2894 1366 3085 1428 quam
3140 1366 3274 1411 rem
3320 1353 3393 1412 ut
3435 1346 3821 1427 confirmem,

570 1475 633 1534 16
693 1469 886 1534 reicio
947 1468 1034 1534 ad
1077 1489 1140 1533 v,
1202 1471 1275 1532 18
1338 1467 1637 1533 carminis
1683 1467 1879 1531 XXX
1938 1467 2005 1531 in
2056 1470 2105 1529 G
2164 1465 2505 1546 omissum,
2574 1465 2640 1529 in
2697 1470 2816 1529 WZ
2856 1474 3203 1532 servatum.
3296 1486 3377 1531 ne
3422 1486 3574 1532 vero
3619 1487 3701 1532 ex
3761 1471 3838 1531 W

563 1590 682 1654 1108
742 1589 938 1654 libros
998 1588 1315 1673 profectos
1374 1608 1519 1655 esse
1582 1588 1945 1673 opinemur,
2011 1592 2267 1670 praeter
2325 1586 2642 1669 quasdam
2689 1587 3045 1671 scripturae
3092 1586 3559 1671 discrepantias
3604 1587 3671 1653 id
3716 1609 3832 1673 po-

569 1709 886 1775 tissimum
934 1710 1162 1789 obstat,
1218 1709 1390 1792 quod
1434 1709 1601 1773 inter
1646 1727 1757 1773 eos
1804 1713 1950 1772 sunt
1996 1706 2249 1772 codices
2294 1707 2556 1790 quidam
2603 1707 2762 1772 satis
2807 1707 3061 1787 vetusti,
3115 1708 3183 1772 in
3228 1708 3451 1793 primis
3483 1708 3832 1774 Bembinus

565 1849 739 1895 saec.
791 1829 981 1894 VIIII
1026 1834 1351 1895 exaratus.
1445 1829 1566 1893 1106
1610 1828 1807 1910 igitur
1850 1834 2021 1893 certe
2068 1827 2330 1892 saeculo
2373 1827 2501 1891 iam
2548 1826 2861 1910 florilegio
2904 1828 3051 1908 illo,
3120 1827 3202 1893 de
3247 1847 3373 1910 quo
3419 1847 3616 1912 supra
3662 1828 3832 1894 dixi-

568 1969 729 2029 mus,
786 1950 1105 2034 discerpto
1150 1969 1227 2013 ac
1272 1948 1584 2031 poematis
1628 1947 1762 2012 illis
1808 1968 1952 2013 cum
1986 1947 2255 2030 Vergilii
2301 1968 2467 2029 quae
2513 1947 2809 2012 dicuntur
2852 1947 3241 2014 carminibus
3289 1947 3638 2013 minoribus
3677 1968 3830 2014 606-

566 2070 799 2135 iunctis
858 2070 1238 2135 constitutus
1297 2076 1436 2134 erat
1479 2069 1642 2134 liber
1683 2068 1796 2132 ille
1842 2067 2169 2133 Iuvenalis
2215 2067 2353 2131 ludi
2411 2068 2510 2149 (cf.
2561 2067 2877 2133 Ribbeck.
2928 2069 3097 2152 App.
3147 2069 3341 2151 Verg.
3397 2070 3536 2149 24),
3601 2089 3829 2151 quam-
3929 2048 3932 2051 Δ

568 2211 760 2274 quam
807 2197 985 2275 patet
1027 2189 1189 2254 nihil
1236 2189 1522 2267 obstare,
1590 2209 1718 2271 quo
1764 2188 1974 2253 minus
2018 2188 2085 2254 id
2129 2187 2259 2253 iam
2306 2195 2454 2253 ante
2499 2188 2669 2253 hunc
2714 2187 3050 2253 terminum
3099 2188 3339 2253 factum
3386 2208 3530 2254 esse
3578 2195 3829 2254 statua·-

565 2331 731 2377 mus.
827 2312 944 2376 sed
1001 2310 1123 2376 etsi
1178 2317 1316 2375 arto
1362 2330 1505 2374 cum
1556 2313 1603 2371 G
1618 2314 1697 2373 W
1735 2309 2051 2375 coniuncti
2097 2308 2386 2387 vincuIO,
2455 2314 2671 2374 tamen
2717 2309 2907 2391 longe
2953 2308 3294 2374 inferiores
3341 2308 3442 2374 his
3488 2316 3638 2374 sunt
3681 2309 3829 2374 libri

565 2438 636 2512 Z,
702 2452 827 2496 non
886 2431 1111 2516 paucis
1171 2431 1527 2514 scripturae
1588 2428 1761 2494 vitiis
1820 2429 2136 2512 inquinati
2207 2430 2309 2513 (cf.
2370 2428 2565 2493 XXX
2631 2432 2707 2492 12
2775 2429 3061 2495 ‘subter'
3121 2433 3214 2492 VG
3230 2433 3332 2509 W,
3410 2429 3696 2494 ‘subtus'
3757 2434 3817 2509 Ζ,

569 2555 647 2615 13
686 2572 812 2616 061.
850 2557 910 2631 Ζ,
974 2556 1045 2613 14
1100 2550 1493 2616 ‘declinans'
1540 2554 1632 2613 VG
1650 2554 1739 2629 W,
1804 2549 2208 2615 ‘declinatis'
2254 2550 2358 2614 vel
2404 2549 2744 2614 ‘declinat'
2775 2551 2876 2629 Z).
2972 2548 3132 2614 11666
3174 2548 3375 2631 igitur
3418 2549 3500 2615 de
3546 2549 3728 2615 libris
3759 2555 3819 2630 Z,

565 2671 648 2738 (16
708 2673 938 2756 quibus
995 2671 1354 2737 accuratius
1413 2690 1731 2755 exponere
1793 2691 1917 2735 non
1980 2671 2170 2736 huius
2233 2669 2358 2736 loci
2405 2689 2551 2736 esse
2597 2676 2772 2754 puto.
2869 2669 3053 2735 libris
3103 2673 3247 2734 GW
3283 2677 3533 2751 autem,
3602 2690 3830 2752 quam-

566 2814 759 2878 quam
821 2793 1124 2859 differunt
1180 2812 1655 2875 nonnumquam
1716 2812 1757 2855 a
1801 2791 2152 2873 Vossiano,
2216 2811 2342 2855 non
2402 2792 2669 2856 alteram
2720 2792 2942 2856 horum
2990 2789 3342 2856 carminum
3389 2791 3825 2857 recensionem

566 2914 904 2995 contineri,
981 2913 1099 2978 sed
1166 2911 1438 2977 eandem
1505 2911 1801 2976 omnibus
1869 2911 2179 2995 originem
2248 2931 2394 2977 esse
2458 2912 2652 2978 totius
2720 2911 3072 2996 scripturae
3140 2930 3490 2977 consensus
3550 2910 3828 2977 ostendit

580 3034 683 3114 (cf.
751 3033 1001 3118 Peiper.
1055 3035 1231 3117 305).
1306 3070 1389 3078 —
1456 3032 1520 3096 in
1590 3031 2064 3097 commentariis
2133 3031 2421 3097 codicum
2489 3037 2536 3095 Z
2598 3032 2947 3117 scripturas
3013 3052 3054 3095 a
3119 3031 3506 3112 Ribbeckio,
3586 3031 3822 3111 Riesio,

565 3153 826 3221 Kleinio
882 3160 1064 3240 (mus.
1103 3154 1309 3219 Rhen.
1346 3152 1607 3217 XXIIII
1640 3156 1760 3216 607
1797 3156 1958 3236 sqq.)
2015 3153 2299 3238 prolatas
2333 3151 2619 3235 exhibui,
2671 3151 2937 3217 adiunxi
2968 3151 3276 3217 lectiones
3309 3152 3587 3219 Parisini
3626 3154 3828 3216 17177

576 3276 678 3359 (cf.
716 3276 1066 3341 Baehrens.
1107 3274 1283 3340 Poet.
1322 3275 1436 3339 lat.
1474 3274 1627 3338 min.
1664 3274 1729 3338 II
1766 3278 1894 3358 10),
1948 3294 2111 3356 quas
2159 3274 2443 3339 enotavit
2485 3275 2564 3338 A.
2618 3273 2929 3350 Schoene,
2984 3274 3282 3338 Vossiani
3328 3274 3387 3351 Q
3431 3278 3509 3338 33
3558 3294 3731 3339 saec.
3769 3274 3829 3337 X

559 3395 609 3462 f.
666 3399 832 3477 ¹32¹,
899 3416 1088 3479 quem
1136 3395 1408 3460 contulit
1451 3395 1532 3460 G.
1584 3394 1670 3460 du
1718 3395 1899 3476 Rieu,
1953 3395 2470 3460 Vindobonensis
2518 3397 2677 3457 2521
2732 3413 2900 3459 8666.
2953 3395 3083 3458 XII
3129 3395 3176 3458 f.
3235 3399 3398 3476 142³,
3454 3416 3642 3478 quem
3687 3395 3830 3479 ipse

561 3517 841 3598 excussi,
894 3515 1171 3598 denique
1213 3535 1420 3600 pauca
1450 3536 1532 3581 ex
1562 3515 1932 3581 Harleianis
1963 3517 2154 3598 2534,
2207 3535 2382 3580 8666.
2420 3514 2605 3594 XIII,
2645 3514 2691 3579 f.
2739 3518 2907 3594 127³,
2949 3518 3140 3594 3963,
3195 3534 3366 3579 8666.
3403 3516 3546 3597 XV,
3587 3514 3634 3578 f.
3673 3517 3826 3577 249*

560 3639 644 3702 ab
689 3636 966 3702 Henrico
1011 3635 1143 3700 filio
1190 3635 1517 3720 inspectis.

732 3757 851 3821 His
898 3776 1105 3840 pauca
1148 3755 1385 3820 addam
1434 3757 1516 3821 (16
1562 3755 1928 3821 Hesiodio
1985 3755 2283 3838 (XXXII)
2340 3761 2407 3820 et
2449 3753 2532 3819 de
2577 3754 2893 3835 carmine,
2947 3773 3071 3836 quo
3117 3754 3473 3820 Herculis
3520 3755 3828 3820 labores

560 3884 1015 3944 enumerantur
1055 3876 1418 3958 (XXXIH).
1500 3883 1692 3958 atque
1736 3875 2088 3942 Hesiodion
2130 3875 2197 3940 in
2243 3875 2474 3941 ceteris
2517 3881 2774 3960 praeter
2813 3873 3196 3940 Vossianum
3246 3874 3427 3940 libris
3473 3895 3556 3941 ex
3602 3875 3823 3941 eodem

558 3998 912 4083 exemplari
958 3998 1311 4083 profectum
1357 4016 1503 4062 6886
1549 3997 1652 4062 vel
1683 3996 1835 4061 inde
1866 3996 2282 4080 intellegitur,
2335 3995 2506 4080 quod
2537 3997 2604 4060 in
2635 3996 2730 4062 eis
2762 4017 2823 4061 v.
2871 4000 2932 4058 11
2970 4015 3110 4080 sqq.
3149 4017 3275 4062 11011
3307 3997 3626 4080 leguntur.
3709 3996 3826 4063 hos

559 4120 756 4202 igitur
810 4138 1037 4184 versus
1095 4118 1183 4200 is,
1252 4117 1358 4201 qui
1420 4116 1804 4200 florilegium
1858 4117 2023 4182 illud
2067 4116 2503 4197 concinnavit,
2571 4138 2713 4182 cum
2759 4117 2843 4181 ab
2889 4116 3011 4180 1106
3053 4117 3335 4183 carmine
3383 4118 3631 4184 alienos
3676 4136 3821 4182 esse

561 4239 975 4315 existimaret,
1029 4237 1264 4302 omisit.
1359 4237 1529 4303 adde
1574 4236 1745 4319 quod
1790 4243 1856 4303 et
1898 4258 1980 4303 ex
2024 4237 2441 4322 inscriptione
2489 4245 2555 4302 61
2598 4258 2680 4303 ex
2710 4237 3025 4321 scriptura
3054 4257 3280 4303 versus
3317 4242 3393 4301 10
3453 4237 3815 4321 (‘secreta')

560 4378 811 4424 summa
868 4359 1170 4424 librorum
1221 4362 1376 4438 GW,
1441 4357 1948 4423 valencenensis
1996 4361 2154 4436 393,
2223 4356 2766 4458 lielmstadiensis
2812 4360 2937 4422 332
2999 4356 3346 4422 similitudo
3406 4356 3816 4440 conspicitur.

558 4499 678 4545 1166
720 4487 939 4544 tamen
984 4480 1153 4544 inter
1195 4498 1306 4544 eos
1352 4485 1417 4543 et
1472 4483 1518 4542 V
1558 4478 1790 4559 ullum,
1857 4478 2026 4562 quod
2078 4478 2338 4562 quidem
2385 4477 2660 4543 alicuius
2705 4477 3010 4543 momenti
3057 4477 3169 4560 sit,
3238 4476 3581 4542 discrimen
3623 4477 3823 4541 inter-

560 4598 752 4666 cedit.
845 4600 912 4664 in
958 4598 1237 4664 carmine
1285 4599 1365 4665 (16
1411 4599 1689 4664 Hercule
1740 4603 1983 4663 VGBW
2020 4600 2366 4681 ceterique,
2419 4617 2581 4681 quos
2624 4598 2690 4662 in
2736 4598 3208 4664 commentariis
3253 4599 3644 4678 enumeravi,
3696 4619 3822 4664 non

560 4720 950 4786 dissentiunt
993 4719 1119 4785 nisi
1162 4719 1229 4785 in
1276 4720 1468 4786 rebus
1512 4719 1878 4785 levissimis.
1959 4726 2151 4802 atque
2196 4719 2369 4785 idem
2415 4719 2589 4783 valet
2632 4717 2712 4784 de
2758 4718 2947 4784 codd.
3000 4744 3077 4783 ω.
3157 4739 3304 4783 nam
3354 4721 3408 4784 si
3453 4720 3520 4783 in
3564 4718 3821 4783 Tiliano

560 4841 878 4924 quaedam
937 4839 1348 4905 inveniuntur
1404 4839 1756 4924 scripturae
1814 4839 2287 4925 discrepantes,
2360 4838 2558 4905 veluti
2609 4843 2636 4901 1
2697 4838 2997 4904 ‘laboris'
3067 4838 3255 4920 (idem
3300 4840 3368 4903 in
3413 4839 3556 4903 Par.
3617 4841 3820 4901 18275

558 4969 624 5028 61
666 4960 1091 5027 deterioribus
1135 4959 1520 5043 quibusdam
1566 4962 1789 5042 extat),
1865 4966 1902 5022 5
1958 4960 2397 5042 ‘certamine',
2474 4963 2512 5021 6
2568 4959 2908 5042 ‘threitio',
2982 4959 3049 5025 id
3107 4960 3350 5024 nullam
3410 4958 3606 5023 habet
3661 4958 3810 5038 vim,

559 5102 702 5148 cum
748 5082 815 5147 in
859 5079 1456 5164 Magliabecchiano
1500 5081 1603 5145 his
1650 5080 1805 5146 locis
1852 5080 2080 5146 eadem
2123 5101 2292 5163 quae
2337 5081 2403 5145 in
2462 5084 2699 5146 VGBW
2741 5080 3037 5164 legantur
3055 5084 3160 5161 ⁵⁰).

733 5360 814 5422 50)
857 5363 910 5408 in
951 5361 1184 5408 lic-iodio
1221 5367 1417 5421 praeter
1454 5359 1854 5409 Valcnccnenscs
1891 5361 2097 5408 adhibui
2138 5361 2531 5407 laurentianum
2570 5359 2655 5420 33,
2698 5358 2789 5418 31,
2834 5360 3237 5419 Rehdigcranum
3276 5361 3310 5410 S
3347 5362 3368 5407 1
3407 5361 3453 5420 0,
3504 5359 3592 5417 17,
3647 5359 3822 5406 Helm·

558 5448 866 5495 stadiensem
903 5445 1023 5506 332,
1068 5459 1203 5493 nuno
1239 5446 1705 5507 Guelferbytanum,
1747 5446 1967 5507 denique
2006 5446 2407 5493 Arundclianum
2433 5460 2561 5494 111118.
2595 5447 2716 5493 Brit.
2757 5445 2849 5493 1:33
2893 5444 3308 5504 (Rehdigcranum
3347 5446 3564 5494 contulit
3600 5446 3818 5504 benigne

560 5534 627 5581 M.
672 5532 854 5590 Hertz,
911 5532 1362 5580 Helmstadienscm
1399 5533 1459 5579 O.
1500 5533 1562 5578 (16
1602 5532 1947 5594 Heinemann,
1991 5532 2390 5580 Arundelianum
2430 5531 2492 5579 H.
2535 5531 3099 5591 Mueller-Struebing),
3142 5532 3195 5578 in
3233 5533 3450 5582 carmine
3487 5532 3548 5578 de
3587 5530 3819 5578 Herculis

558 5620 816 5667 aerumnis
854 5618 1209 5666 Einsidlcnses
1246 5616 1346 5666 326
1370 5624 1422 5666 61
1448 5617 1568 5679 302,
1610 5618 1917 5667 3616668661
1953 5618 2073 5670 250,
2114 5617 2459 5664 Monacenscm
2503 5617 2666 5666 1483ss
2704 5634 2732 5664 a
2770 5616 2828 5664 G.
2863 5616 3065 5674 Meiere,
3105 5618 3448 5676 bybliothecae
3487 5617 3818 5665 Einsidlensis

561 5706 829 5767 praefecto,
870 5705 931 5753 G.
976 5706 1211 5766 Rettigio,
1258 5707 1317 5753 Α.
1364 5705 1575 5752 11010610
1611 5719 1869 5756 excussos.

716 5807 965 5846 Avsost.
3369 5821 3406 5872 g
