4630 6435
1929 468 2388 524 PROOEMIVM.
3143 514 3148 519 .
3694 467 3789 531 IX

534 691 786 756 Arborii
850 698 1107 754 secutus
1167 691 1530 773 exemplum
1590 690 2076 771 grammaticam
2139 690 2351 775 coepit
2408 690 2687 773 profiteri
2747 689 3139 771 Burdigalae
3212 688 3327 769 (ΠΙ
3394 691 3527 769 18),
3599 710 3789 771 quam
3876 705 3886 763 ι

535 810 945 889 cathedram,
1014 830 1155 873 cum
1218 809 1570 874 rhetoricae
1633 809 1959 874 docendae
2016 830 2248 874 munus
2306 810 2393 874 ad
2453 830 2598 874 eum
2660 810 2879 874 delata
2935 815 3140 887 esset,
3208 808 3414 872 Acilio
3461 808 3792 872 Glabrioni

537 930 772 995 iuniori
817 928 1084 995 tradidit
1135 928 1310 1013 (XVI
1358 932 1459 1008 25,
1516 935 1552 991 5
1585 930 1737 1012 sq.).
1820 929 2009 994 simul
2058 950 2441 1011 quamquam
2487 930 2713 1007 rariuS,
2770 929 2886 994 sed
2931 949 3057 994 non
3104 927 3243 993 sine
3287 928 3483 993 laude
3528 928 3593 992 in
3641 948 3794 993 cau·
3864 961 3877 1040 f

542 1051 632 1115 sis
678 1050 1041 1115 forensibus
1087 1056 1384 1116 versatus
1430 1070 1576 1115 esse
1622 1049 1876 1116 videtur
1932 1050 2047 1131 (III
2085 1055 2197 1129 173
2253 1052 2328 1113 E.
2382 1050 2509 1114 XII
2543 1053 2675 1132 28).
2759 1071 2900 1115 cum
2931 1050 3128 1133 igitur
3157 1069 3271 1133 per
3301 1048 3565 1131 triginta
3592 1068 3793 1113 annos

541 1169 815 1235 docendi
862 1170 1118 1236 functus
1164 1176 1337 1236 esset
1381 1190 1645 1236 munere
1690 1177 1882 1252 atque
1928 1170 1993 1234 in
2038 1190 2117 1235 ea
2162 1190 2230 1235 re
2275 1191 2402 1235 non
2447 1179 2704 1235 tenuem
2751 1171 3010 1252 quidem
3055 1170 3362 1252 gloriam,
3430 1168 3547 1234 sed
3590 1167 3796 1233 modi-

539 1310 681 1354 cum
729 1310 884 1355 sane
933 1291 1056 1355 sibi
1101 1297 1438 1372 quaestum
1486 1290 1988 1374 comparavisset
2041 1290 2159 1373 (ΙΙΙ
2191 1294 2262 1353 21
2298 1310 2464 1373 sqq.‚
2518 1292 2592 1354 E.
2631 1290 2755 1354 XII
2789 1294 2869 1353 28
2897 1294 3053 1372 sq),
3109 1291 3191 1355 ab
3238 1290 3620 1374 imperatore
3667 1289 3796 1352 Va-

537 1410 912 1491 lentinian0,
967 1417 1037 1475 ut
1083 1409 1375 1475 Gratiani
1422 1410 1536 1474 filii
1581 1410 1910 1492 ingenium
1958 1430 2291 1493 moresque
2339 1409 2661 1489 formaret,
2722 1411 2967 1475 electus
3012 1418 3131 1475 est.
3227 1409 3296 1474 id
3339 1410 3509 1493 quod
3555 1409 3793 1474 factum

538 1550 683 1595 esse
770 1530 1041 1614 adparet
1105 1530 1272 1596 inter
1336 1550 1541 1595 annos
1610 1549 1943 1613 cccnxm,
2032 1551 2156 1613 quo
2223 1531 2567 1614 imperator
2633 1538 2884 1597 creatus
2953 1537 3051 1595 est
3118 1530 3643 1611 Valentinianus,
3733 1535 3797 1593 et

541 1668 920 1732 cchxvm,
1002 1672 1127 1735 quo
1194 1651 1517 1717 Ausonius
1583 1652 2032 1735 imperatorem
2100 1653 2366 1736 eiusque
2432 1653 2670 1731 filium,
2746 1653 2855 1733 qui
2923 1652 3050 1716 iam
3119 1672 3286 1716 anno
3354 1658 3506 1716 ante
3572 1650 3798 1732 Augu-

539 1777 675 1836 stus
727 1772 1095 1837 declaratus
1140 1780 1309 1853 erat,
1374 1772 1442 1836 in
1488 1772 1898 1856 expeditione
1943 1773 2368 1838 Alamannica
2414 1773 2750 1838 comitatus
2797 1779 2896 1838 est
2949 1772 3191 1854 (XVIII
3239 1775 3298 1852 2,
3353 1774 3509 1850 422;
3579 1771 3798 1835 XXVI

544 1896 601 1971 1,
661 1896 771 1971 123
826 1892 904 1955 E.
956 1892 1085 1956 IIII
1137 1896 1194 1955 1.
1249 1894 1383 1975 81).
1479 1892 1613 1956 veri
1675 1891 1884 1956 simile
1946 1899 2162 1957 tamen
2222 1899 2323 1958 est
2377 1893 2730 1957 Ausonium
2790 1892 2916 1955 iam
2975 1899 3124 1957 ante
3183 1911 3420 1956 annum
3478 1907 3797 1955 cccnxvn

539 2010 809 2075 accitum
869 2031 1027 2107 esse,
1085 2011 1185 2092 (cf.
1239 2011 1428 2075 V1111
1475 2014 1608 2093 25).
1704 2011 1874 2094 quod
1938 2018 2152 2076 autem
2214 2013 2334 2077 hoc
2393 2033 2659 2078 munere
2717 2018 2977 2077 ornatus
3037 2018 3164 2091 est,
3234 2011 3300 2075 id
3358 2031 3483 2074 non
3538 2018 3667 2075 tam
3714 2010 3798 2075 ad

540 2132 798 2212 famam,
850 2152 1041 2214 quam
1088 2131 1209 2195 sibi
1258 2132 1547 2197 docendo
1594 2138 2110 2215 comparaverat,
2173 2132 2289 2196 sed
2335 2133 2420 2196 ad
2463 2132 2736 2214 gloriam
2784 2132 3171 2196 carminibus
3218 2138 3466 2216 partam
3512 2131 3800 2196 referen-

543 2251 693 2315 dum
755 2271 899 2317 esse
956 2252 1211 2317 videtur
1226 2254 1315 2337 ⁷),
1383 2252 1506 2317 nisi
1569 2252 1728 2317 forte
1773 2253 1840 2317 in
1886 2268 1966 2316 ea
2008 2272 2077 2317 re
2122 2253 2423 2317 momenti
2471 2253 2806 2319 cuiusdam
2852 2252 3135 2334 Arborii,
3198 2273 3387 2336 quem
3434 2252 3800 2318 Constantis

540 2372 753 2436 studia
809 2372 1056 2437 rexisse
1115 2392 1311 2457 supra
1370 2372 1686 2454 diximus,
1753 2371 1875 2437 fuit
1931 2373 2258 2437 memoria.
2357 2380 2638 2438 ceterum
2685 2373 3007 2438 Ausonius
3064 2373 3204 2458 ipse
3266 2393 3335 2438 se
3380 2373 3446 2438 in
3492 2372 3799 2438 Gratiano

541 2492 927 2557 instituendo
976 2492 1245 2576 primum
1292 2492 1715 2575 grammatici,
1770 2492 2001 2557 deinde
2049 2492 2319 2558 rhetoris
2365 2494 2573 2559 locum
2619 2493 2972 2558 obtinuisse
3018 2500 3289 2559 testatur
3343 2494 3459 2575 (III
3490 2496 3569 2555 25
3596 2495 3794 2575 sqq).

714 2612 997 2677 Functus
1057 2619 1271 2677 autem
1334 2620 1434 2678 est
1493 2633 1568 2678 eo
1614 2633 1876 2678 munere
1922 2613 2249 2677 Ausonius
2295 2613 2420 2692 ita,
2489 2622 2560 2679 ut
2604 2613 2898 2678 Gratiani
2947 2612 3223 2678 indolem
3270 2632 3425 2678 sane
3472 2612 3801 2695 egregiam

542 2732 796 2815 optimis
857 2733 1180 2797 excoleret
1235 2732 1481 2799 artibus
1533 2740 1726 2816 atque
1771 2732 1855 2797 ad
1900 2753 2087 2798 omne
2132 2734 2472 2799 honestum
2519 2734 2966 2800 conformaret.
3063 2754 3139 2798 ac
3186 2733 3242 2798 si
3287 2732 3637 2798 Gratianus
3682 2733 3802 2798 ho-

542 2852 799 2917 norifice
866 2853 1034 2917 inter
1088 2852 1508 2937 imperatores
1567 2854 1707 2919 eius
1734 2854 2007 2919 saeculi
2066 2861 2491 2936 memoratur,
2566 2854 2634 2919 id
2703 2855 2840 2921 sine
2908 2854 3100 2921 dubio
3167 2874 3407 2936 magna
3471 2875 3552 2919 ex
3619 2861 3800 2939 parte

544 2972 814 3038 debetur
860 2973 1163 3037 Ausonio.
1260 2994 1646 3058 quamquam
1705 2994 1832 3038 non
1889 2975 2262 3057 negaverim
2310 2975 2620 3040 Gratiano
2677 2976 2807 3041 alio
2855 2977 3047 3042 etiam
3093 2993 3251 3059 opus
3297 2974 3501 3040 fuisse
3545 2974 3804 3040 institu-

543 3098 712 3171 tore,
780 3092 888 3174 qui
946 3094 1203 3158 mollem
1264 3094 1404 3159 eius
1465 3094 1747 3159 animum
1807 3095 2089 3161 firmaret
2131 3095 2601 3177 obduraretque
2645 3116 2753 3176 ac,
2819 3115 2901 3160 ne
2946 3094 3258 3160 obnoxius
3303 3094 3486 3159 fieret
3531 3094 3799 3158 aliorum

548 3212 890 3296 voluntati,
956 3234 1144 3296 quam
1208 3213 1488 3279 maxime
1549 3222 1827 3281 caveret.
1923 3213 2038 3280 sed
2094 3214 2161 3279 id
2220 3237 2344 3280 non
2389 3215 2654 3281 Ausonii
2700 3215 2900 3281 fuisse
2947 3222 3166 3300 utpote
3213 3214 3487 3280 hominis
3532 3214 3794 3299 placidi,

547 3333 745 3415 leniS,
813 3354 853 3397 a
911 3336 1103 3399 rebus
1163 3335 1437 3418 publicis
1496 3335 1718 3400 remoti
1780 3343 1972 3417 atque
2030 3337 2098 3400 in
2158 3336 2531 3401 umbraculo
2589 3336 2831 3400 versari
2891 3335 3063 3401 soliti
3122 3335 3316 3400 facile
3375 3334 3792 3418 intellegitur.

547 3453 697 3519 fecit
739 3461 955 3519 tamen
1003 3455 1173 3536 quod
1217 3455 1420 3539 potuit
1465 3476 1542 3520 ac
1585 3466 1757 3522 certe
1803 3457 1889 3521 ad
1933 3457 2073 3522 eius
2119 3456 2519 3539 potissimum
2567 3455 2976 3540 disciplinam
3016 3455 3424 3521 referendum
3457 3463 3575 3536 est,
3628 3457 3801 3538 quod

550 3574 845 3639 alumnus
891 3575 1031 3640 eius
1077 3585 1338 3659 propter
1380 3576 1550 3641 vitae
1597 3576 2121 3658 sanctimoniam,
2187 3577 2387 3640 animi
2443 3577 2940 3659 benignitatem,
3006 3575 3600 3658 mansuetudinem,
3669 3577 3803 3641 cle—

549 3695 847 3760 mentiam
894 3701 960 3759 et
1003 3695 1085 3759 ab
1133 3696 1514 3777 aequalibus
1545 3696 2056 3780 praedicabatur,
2110 3696 2308 3761 veluti
2340 3697 2423 3760 ab
2455 3696 2791 3761 Ammiano
2825 3695 3195 3760 Marcellino
3237 3696 3486 3777 <XXXI
3523 3701 3620 3778 10,
3668 3697 3794 3779 18),

549 3821 610 3878 et
653 3815 737 3878 ab
784 3815 975 3879 huius
1021 3815 1253 3880 aetatis
1299 3815 1710 3899 scriptoribus
1755 3816 2008 3881 eximiis
2053 3818 2313 3883 effertur
2360 3815 2658 3881 laudibus
2675 3820 2750 3899 b).

721 3935 813 3998 Ac
857 3942 1076 4016 gratos
1123 3955 1278 4000 sane
1325 3936 1761 4000 Valentiniani
1807 3935 2225 4019 Gratianique
2271 3936 2338 4000 in
2384 3955 2454 4001 se
2498 3937 2745 4002 animos
2790 3935 3091 4021 expertus
3137 3944 3237 4003 est
3278 3936 3621 4002 Ausonius.
3706 3944 3802 4001 et-

550 4053 715 4118 enim
762 4075 803 4118 a
833 4055 1281 4120 Valentiniano
1329 4075 1541 4121 comes
1587 4056 1794 4122 factus
1840 4064 1941 4123 est
1982 4077 2058 4122 ac
2103 4077 2229 4121 non
2276 4057 2474 4121 multo
2518 4063 2681 4139 post,
2737 4077 2880 4122 cum
2926 4058 3053 4122 iam
3090 4057 3439 4123 Gratianus
3470 4058 3802 4140 Augustus

550 4182 800 4239 creatus
860 4183 1063 4255 esset,
1131 4183 1432 4258 quaestor
1487 4176 1653 4241 sacri
1711 4177 1934 4261 palatii
2006 4177 2177 4257 (VIII
2224 4181 2294 4257 2,
2354 4181 2430 4240 19
2465 4197 2602 4260 sq.;
2662 4179 2759 4259 18,
2814 4181 2928 4257 24;
2985 4178 3062 4242 Ε.
3114 4178 3337 4242 XVIII
3383 4179 3474 4261 3).
3569 4176 3803 4242 deinde

551 4294 992 4360 Valentiniano
1039 4303 1310 4376 mortu0,
1365 4296 1475 4379 qui
1520 4296 1675 4361 obiit
1718 4317 1778 4361 a.
1832 4296 1895 4360 d.
1947 4315 2064 4361 xv.
2114 4297 2249 4362 kal.
2301 4297 2693 4362 Decembres
2738 4297 2891 4361 anni
2936 4315 3280 4378 cccnxxv,
3333 4297 3801 4382 praefecturam

550 4414 777 4479 Italiae
835 4421 900 4480 et
944 4416 1200 4481 Africae
1256 4417 1341 4481 ad
1385 4416 1740 4481 Ausonium
1800 4416 2029 4482 detulit
2073 4417 2422 4482 Gratianus
2481 4437 2543 4480 a.
2595 4423 2665 4482 ut
2721 4416 2976 4482 videtur
3019 4435 3358 4482 cccnxxvl
3414 4418 3527 4500 (XI
3576 4420 3636 4497 2,
3690 4419 3791 4498 42)

552 4542 616 4599 et
657 4536 852 4619 paulo
897 4542 1044 4620 post
1089 4557 1148 4601 a.
1203 4555 1595 4602 cccnxxvm
1641 4537 2112 4621 praefecturam
2145 4537 2498 4602 Galliarum
2558 4537 2671 4618 (XI
2718 4540 2778 4618 2,
2818 4541 2934 4616 423
2988 4538 3141 4602 VIII
3189 4542 3247 4618 2,
3289 4543 3350 4601 9.
3390 4541 3504 4616 20;
3562 4541 3622 4618 8,
3662 4539 3793 4618 22),

550 4654 824 4737 denique
871 4657 1095 4721 eodem
1140 4677 1308 4722 anno
1354 4664 1630 4723 exeunte
1675 4658 2001 4723 consulem
2050 4656 2418 4739 designavit
2463 4664 2940 4741 praeceptorem
2986 4663 3209 4740 gratus
3246 4657 3625 4742 discipulus,
3678 4677 3802 4739 quo

549 4774 616 4838 in
674 4775 1053 4859 magistratu
1117 4778 1229 4842 ille
1277 4780 1589 4861 collegam
1636 4778 1862 4843 habuit
1905 4778 1981 4854 Q.
2034 4777 2334 4842 Clodium
2381 4778 2964 4860 Hermogenianum
3010 4778 3376 4863 Olybrium,
3445 4778 3619 4861 prior
3660 4777 3801 4861 ipse

552 4896 769 4960 consul
831 4904 1231 4980 nuncupatus
1302 4898 1414 4979 (ΙΙΙ
1463 4902 1577 4976 37;
1646 4897 1800 4962 VIII
1848 4901 1907 4977 3,
1962 4902 2035 4975 43
2092 4901 2149 4978 9,
2213 4901 2323 4974 16;
2399 4900 2504 4977 12,
2559 4901 2619 4961 2.
2679 4900 2790 4976 13;
2857 4898 3020 4961 XIII
3067 4902 3126 4978 2,
3183 4902 3297 4977 933
3366 4898 3450 4962 cf.
3502 4896 3795 4963 Cassiod.

553 5016 769 5080 chron.
823 5016 927 5080 ed.
979 5018 1328 5082 Mommsen
1375 5018 1515 5081 Act.
1570 5037 1696 5082 soc.
1753 5018 1872 5084 litt.
1924 5036 2061 5080 sax.
2116 5017 2267 5081 VIII
2318 5021 2472 5094 6493
2537 5017 2822 5082 Marcell.
2875 5018 3092 5082 chron.
3146 5021 3324 5099 917).
3419 5017 3588 5083 adde
3634 5017 3803 5099 quod

553 5135 734 5201 multi
780 5136 849 5200 in
896 5136 1095 5202 filiurn
1143 5137 1282 5202 eius
1327 5158 1759 5221 generumque
1806 5138 2024 5203 collati
2070 5146 2219 5203 sunt
2260 5138 2553 5202 honores.
2642 5158 2790 5202 nam
2822 5138 3171 5222 Hesperius
3217 5137 3409 5219 filius,
3464 5143 3801 5223 postquam

556 5353 1097 5362 --ῂκ--Μ
1116 5357 1371 5363 ᾨΫή--,-.

592 5516 611 5523 ·
724 5498 772 5562 Ί)
818 5515 928 5548 nam
971 5501 1358 5548 Valentinianus
1406 5516 1708 5563 quamquam
1758 5508 1897 5549 atrox
1949 5502 2090 5550 homo
2125 5508 2176 5550 et
2212 5503 2559 5562 truculentu8‚
2615 5509 2784 5548 tamen
2822 5515 2919 5548 non
2957 5500 3244 5548 abhorrebat
3280 5501 3340 5547 ab
3377 5501 3561 5548 artium
3598 5501 3800 5558 elegan-

552 5588 730 5634 tiorum
776 5588 918 5634 cultu
967 5587 1347 5648 carminumque
1393 5587 1564 5635 studio
1611 5595 1762 5648 atque
1809 5591 1860 5635 in
1910 5589 2152 5635 conviviis
2196 5593 2250 5635 et
2296 5590 2534 5636 recitabat
2577 5602 2705 5649 quae
2755 5590 2863 5649 ipse
2900 5595 3242 5647 composuerat
3278 5588 3495 5634 carmina
3532 5586 3715 5632 ludicra
3754 5594 3804 5631 et

555 5674 786 5721 audiebat
820 5675 1038 5732 benigne
1077 5676 1139 5722 ab
1175 5675 1287 5721 aliis
1326 5676 1454 5721 sacta
1498 5676 1577 5735 (cs.
1622 5674 1845 5721 xxvlll
1888 5673 1933 5734 1,
1983 5674 2040 5722 10
2066 5689 2197 5735 sqq.‚
2242 5675 2307 5722 ll.
2351 5675 2593 5735 Richter„
2639 5675 2740 5721 Das
2779 5675 3143 5721 westriimische
3185 5673 3331 5719 lteieh
3372 5672 3513 5731 274).

725 5763 772 5818 8)
814 5761 877 5808 cf.
926 5761 986 5808 Η.
1032 5759 1247 5807 Richter.
1293 5760 1391 5808 295
1419 5777 1548 5821 sqq.‚
1595 5763 1652 5809 Α.
1695 5763 1846 5808 Base.
1891 5760 2065 5807 Paulin
2106 5775 2198 5807 von
2240 5762 2360 5809 Nola
2397 5763 2497 5809 und
2536 5763 2677 5808 seine
2717 5761 2823 5808 Zeit
2866 5762 2884 5807 1
2924 5759 3007 5808 72.

707 5862 948 5900 Avsomvs.
3353 5859 3388 5912 b
