<?xml version="1.0" encoding="UTF-8"?>
<!DOCTYPE html PUBLIC "-//W3C//DTD XHTML 1.0 Transitional//EN"
    "http://www.w3.org/TR/xhtml1/DTD/xhtml1-transitional.dtd">
<html xmlns="http://www.w3.org/1999/xhtml" xml:lang="en" lang="en">
 <head>
  <title>
</title>
<meta http-equiv="Content-Type" content="text/html;charset=utf-8" />
  <meta name='ocr-system' content='tesseract 3.04.00' />
  <meta name='ocr-capabilities' content='ocr_page ocr_carea ocr_par ocr_line ocrx_word'/>
</head>
<body>
  <div class='ocr_page' id='page_1' title='image "./dmagniavsoniiop02ausogoog_0274.png"; bbox 0 0 4630 6435; ppageno 0'>
   <div class='ocr_carea' id='block_1_1' title="bbox 727 442 2504 512">
    <p class='ocr_par' dir='ltr' id='par_1_1' title="bbox 727 442 2504 512">
     <span class='ocr_line' id='line_1_1' title="bbox 727 442 2504 512; baseline -0.009 0"><span class='ocrx_word' id='word_1_1' title='bbox 727 450 853 512; x_wconf 83' lang='lat'>202</span> <span class='ocrx_word' id='word_1_2' title='bbox 2193 442 2504 499; x_wconf 87' lang='lat' dir='ltr'><strong>AVSONII</strong></span> 
     </span>
    </p>
   </div>
   <div class='ocr_carea' id='block_1_2' title="bbox 1964 718 2740 786">
    <p class='ocr_par' dir='ltr' id='par_1_2' title="bbox 1964 718 2740 786">
     <span class='ocr_line' id='line_1_2' title="bbox 1964 718 2740 786; baseline -0.001 0"><span class='ocrx_word' id='word_1_3' title='bbox 1964 720 2151 786; x_wconf 89' lang='lat' dir='ltr'>XXI.</span> <span class='ocrx_word' id='word_1_4' title='bbox 2210 720 2331 785; x_wconf 88' lang='lat' dir='ltr'>EX</span> <span class='ocrx_word' id='word_1_5' title='bbox 2377 718 2740 786; x_wconf 82' lang='lat' dir='ltr'><strong>GRAECO.</strong></span> 
     </span>
    </p>
   </div>
   <div class='ocr_carea' id='block_1_3' title="bbox 1396 858 3988 1254">
    <p class='ocr_par' dir='ltr' id='par_1_3' title="bbox 1396 858 3988 1254">
     <span class='ocr_line' id='line_1_3' title="bbox 1396 858 3988 943; baseline -0.002 -17"><span class='ocrx_word' id='word_1_6' title='bbox 1396 860 1521 939; x_wconf 83' lang='lat' dir='ltr'>Qui</span> <span class='ocrx_word' id='word_1_7' title='bbox 1566 861 1868 943; x_wconf 89' lang='lat' dir='ltr'>laqueum</span> <span class='ocrx_word' id='word_1_8' title='bbox 1913 858 2076 924; x_wconf 88' lang='lat' dir='ltr'>collo</span> <span class='ocrx_word' id='word_1_9' title='bbox 2122 859 2449 939; x_wconf 79' lang='lat' dir='ltr'>nectebat,</span> <span class='ocrx_word' id='word_1_10' title='bbox 2504 858 2787 943; x_wconf 88' lang='lat' dir='ltr'>repperit</span> <span class='ocrx_word' id='word_1_11' title='bbox 2829 877 3056 923; x_wconf 90' lang='lat' dir='ltr'>aurum</span> <span class='ocrx_word' id='word_1_12' title='bbox 3923 872 3988 923; x_wconf 81' lang='lat'>23</span> 
     </span>
     <span class='ocr_line' id='line_1_4' title="bbox 1567 960 3982 1046; baseline -0.003 -19"><span class='ocrx_word' id='word_1_13' title='bbox 1567 962 1980 1046; x_wconf 78' lang='lat' dir='ltr'>thesaurique</span> <span class='ocrx_word' id='word_1_14' title='bbox 2027 963 2166 1028; x_wconf 90' lang='lat' dir='ltr'>loco</span> <span class='ocrx_word' id='word_1_15' title='bbox 2214 962 2514 1046; x_wconf 79' lang='lat' dir='ltr'>deposuit</span> <span class='ocrx_word' id='word_1_16' title='bbox 2557 962 2890 1043; x_wconf 88' lang='lat' dir='ltr'>laqueum:</span> <span class='ocrx_word' id='word_1_17' title='bbox 3904 960 3982 1021; x_wconf 87' lang='grc' dir='ltr'>(ω)</span> 
     </span>
     <span class='ocr_line' id='line_1_5' title="bbox 1398 1065 3271 1150; baseline -0.002 -19"><span class='ocrx_word' id='word_1_18' title='bbox 1398 1073 1466 1132; x_wconf 89' lang='lat' dir='ltr'>at</span> <span class='ocrx_word' id='word_1_19' title='bbox 1510 1067 1618 1149; x_wconf 91' lang='lat' dir='ltr'>qui</span> <span class='ocrx_word' id='word_1_20' title='bbox 1665 1066 2072 1148; x_wconf 80' lang='lat' dir='ltr'>condiderat,</span> <span class='ocrx_word' id='word_1_21' title='bbox 2126 1073 2467 1150; x_wconf 83' lang='lat' dir='ltr'>postquam</span> <span class='ocrx_word' id='word_1_22' title='bbox 2514 1086 2640 1130; x_wconf 92' lang='lat' dir='ltr'>non</span> <span class='ocrx_word' id='word_1_23' title='bbox 2684 1065 2966 1149; x_wconf 90' lang='lat' dir='ltr'>repperit</span> <span class='ocrx_word' id='word_1_24' title='bbox 3008 1084 3271 1143; x_wconf 81' lang='lat' dir='ltr'>aurum,</span> 
     </span>
     <span class='ocr_line' id='line_1_6' title="bbox 1571 1169 2918 1254; baseline -0.001 -20"><span class='ocrx_word' id='word_1_25' title='bbox 1571 1170 1819 1254; x_wconf 84' lang='lat' dir='ltr'>aptavit</span> <span class='ocrx_word' id='word_1_26' title='bbox 1864 1170 2028 1236; x_wconf 86' lang='lat' dir='ltr'>eollo</span> <span class='ocrx_word' id='word_1_27' title='bbox 2074 1190 2264 1251; x_wconf 91' lang='lat' dir='ltr'>quem</span> <span class='ocrx_word' id='word_1_28' title='bbox 2310 1169 2549 1254; x_wconf 87' lang='lat' dir='ltr'>reperit</span> <span class='ocrx_word' id='word_1_29' title='bbox 2593 1170 2918 1251; x_wconf 88' lang='lat' dir='ltr'>laqueum.</span> 
     </span>
    </p>
   </div>
   <div class='ocr_carea' id='block_1_4' title="bbox 1479 1408 3229 1479">
    <p class='ocr_par' dir='ltr' id='par_1_4' title="bbox 1479 1408 3229 1479">
     <span class='ocr_line' id='line_1_7' title="bbox 1479 1408 3229 1479; baseline -0.002 -3"><span class='ocrx_word' id='word_1_30' title='bbox 1479 1412 1693 1477; x_wconf 88' lang='lat' dir='ltr'>XXII.</span> <span class='ocrx_word' id='word_1_31' title='bbox 1755 1411 1869 1475; x_wconf 90' lang='lat' dir='ltr'>DE</span> <span class='ocrx_word' id='word_1_32' title='bbox 1914 1408 2483 1475; x_wconf 88' lang='lat' dir='ltr'><strong>THRASYBVLO</strong></span> <span class='ocrx_word' id='word_1_33' title='bbox 2532 1408 3229 1479; x_wconf 86' lang='lat' dir='ltr'><strong>LACEDAEMONIO.</strong></span> 
     </span>
    </p>
   </div>
   <div class='ocr_carea' id='block_1_5' title="bbox 1398 1547 3985 2340">
    <p class='ocr_par' dir='ltr' id='par_1_5' title="bbox 1398 1547 3985 2340">
     <span class='ocr_line' id='line_1_8' title="bbox 1398 1547 3985 1634; baseline -0.002 -20"><span class='ocrx_word' id='word_1_34' title='bbox 1398 1550 1662 1634; x_wconf 81' lang='lat' dir='ltr'>Excipis</span> <span class='ocrx_word' id='word_1_35' title='bbox 1706 1549 1979 1615; x_wconf 89' lang='lat' dir='ltr'>adverso</span> <span class='ocrx_word' id='word_1_36' title='bbox 2025 1547 2195 1631; x_wconf 90' lang='lat' dir='ltr'>quod</span> <span class='ocrx_word' id='word_1_37' title='bbox 2239 1552 2496 1631; x_wconf 86' lang='lat' dir='ltr'>pectore</span> <span class='ocrx_word' id='word_1_38' title='bbox 2542 1547 2806 1612; x_wconf 86' lang='lat' dir='ltr'>volnera</span> <span class='ocrx_word' id='word_1_39' title='bbox 2850 1552 3131 1632; x_wconf 83' lang='lat' dir='ltr'>septem,</span> <span class='ocrx_word' id='word_1_40' title='bbox 3923 1567 3985 1616; x_wconf 75' lang='lat'>24</span> 
     </span>
     <span class='ocr_line' id='line_1_9' title="bbox 1571 1650 3980 1737; baseline -0.001 -19"><span class='ocrx_word' id='word_1_41' title='bbox 1571 1674 1752 1719; x_wconf 87' lang='lat' dir='ltr'>arma</span> <span class='ocrx_word' id='word_1_42' title='bbox 1797 1671 1990 1737; x_wconf 88' lang='lat' dir='ltr'>super</span> <span class='ocrx_word' id='word_1_43' title='bbox 2035 1650 2290 1717; x_wconf 89' lang='lat' dir='ltr'>veheris</span> <span class='ocrx_word' id='word_1_44' title='bbox 2336 1651 2541 1733; x_wconf 89' lang='lat' dir='ltr'>quod,</span> <span class='ocrx_word' id='word_1_45' title='bbox 2595 1650 3034 1735; x_wconf 86' lang='lat' dir='ltr'>Thrasybule,</span> <span class='ocrx_word' id='word_1_46' title='bbox 3087 1658 3229 1731; x_wconf 85' lang='lat' dir='ltr'>tua,</span> <span class='ocrx_word' id='word_1_47' title='bbox 3903 1654 3980 1715; x_wconf 82' lang='grc' dir='ltr'>(ω)</span> 
     </span>
     <span class='ocr_line' id='line_1_10' title="bbox 1398 1754 3202 1840; baseline -0.002 -17"><span class='ocrx_word' id='word_1_48' title='bbox 1398 1779 1526 1823; x_wconf 93' lang='lat' dir='ltr'>non</span> <span class='ocrx_word' id='word_1_49' title='bbox 1572 1757 1753 1823; x_wconf 89' lang='lat' dir='ltr'>dolor</span> <span class='ocrx_word' id='word_1_50' title='bbox 1796 1755 1899 1823; x_wconf 88' lang='lat' dir='ltr'>hic</span> <span class='ocrx_word' id='word_1_51' title='bbox 1945 1755 2184 1840; x_wconf 86' lang='lat' dir='ltr'>patris,</span> <span class='ocrx_word' id='word_1_52' title='bbox 2236 1755 2507 1820; x_wconf 87' lang='lat' dir='ltr'>Pitanae</span> <span class='ocrx_word' id='word_1_53' title='bbox 2553 1755 2671 1820; x_wconf 88' lang='lat' dir='ltr'>sed</span> <span class='ocrx_word' id='word_1_54' title='bbox 2714 1754 2922 1837; x_wconf 84' lang='lat' dir='ltr'>gloria</span> <span class='ocrx_word' id='word_1_55' title='bbox 2964 1754 3202 1819; x_wconf 89' lang='lat' dir='ltr'>maior:</span> 
     </span>
     <span class='ocr_line' id='line_1_11' title="bbox 1574 1857 2985 1942; baseline -0.001 -17"><span class='ocrx_word' id='word_1_56' title='bbox 1574 1881 1787 1926; x_wconf 89' lang='lat' dir='ltr'>rarum</span> <span class='ocrx_word' id='word_1_57' title='bbox 1834 1867 1967 1924; x_wconf 90' lang='lat' dir='ltr'>tam</span> <span class='ocrx_word' id='word_1_58' title='bbox 2013 1857 2281 1942; x_wconf 86' lang='lat' dir='ltr'>pulchro</span> <span class='ocrx_word' id='word_1_59' title='bbox 2329 1858 2552 1922; x_wconf 86' lang='lat' dir='ltr'>funere</span> <span class='ocrx_word' id='word_1_60' title='bbox 2600 1877 2791 1942; x_wconf 90' lang='lat' dir='ltr'>posse</span> <span class='ocrx_word' id='word_1_61' title='bbox 2838 1857 2985 1923; x_wconf 85' lang='lat' dir='ltr'>frui.</span> 
     </span>
     <span class='ocr_line' id='line_1_12' title="bbox 1400 1960 3100 2048; baseline -0.002 -20"><span class='ocrx_word' id='word_1_62' title='bbox 1400 1985 1589 2047; x_wconf 91' lang='lat' dir='ltr'>quem</span> <span class='ocrx_word' id='word_1_63' title='bbox 1635 1970 1972 2048; x_wconf 87' lang='lat' dir='ltr'>postquam</span> <span class='ocrx_word' id='word_1_64' title='bbox 2017 1969 2263 2027; x_wconf 90' lang='lat' dir='ltr'>maesto</span> <span class='ocrx_word' id='word_1_65' title='bbox 2310 1961 2466 2026; x_wconf 88' lang='lat' dir='ltr'>socii</span> <span class='ocrx_word' id='word_1_66' title='bbox 2511 1980 2782 2045; x_wconf 86' lang='lat' dir='ltr'>posuere</span> <span class='ocrx_word' id='word_1_67' title='bbox 2829 1960 3100 2043; x_wconf 86' lang='lat' dir='ltr'>feretro,</span> 
     </span>
     <span class='ocr_line' id='line_1_13' title="bbox 1573 2064 2931 2149; baseline -0.003 -17"><span class='ocrx_word' id='word_1_68' title='bbox 1573 2068 1735 2132; x_wconf 91' lang='lat' dir='ltr'>talia</span> <span class='ocrx_word' id='word_1_69' title='bbox 1779 2065 2231 2148; x_wconf 87' lang='lat' dir='ltr'>magnanimus</span> <span class='ocrx_word' id='word_1_70' title='bbox 2278 2064 2482 2129; x_wconf 87' lang='lat' dir='ltr'>edidit</span> <span class='ocrx_word' id='word_1_71' title='bbox 2528 2083 2674 2129; x_wconf 84' lang='lat' dir='ltr'>orsa</span> <span class='ocrx_word' id='word_1_72' title='bbox 2718 2071 2931 2149; x_wconf 89' lang='lat' dir='ltr'>pater:</span> 
     </span>
     <span class='ocr_line' id='line_1_14' title="bbox 1409 2167 3107 2251; baseline -0.002 -16"><span class='ocrx_word' id='word_1_73' title='bbox 1409 2171 1589 2238; x_wconf 84' lang='lat' dir='ltr'>‘flete</span> <span class='ocrx_word' id='word_1_74' title='bbox 1635 2171 1833 2236; x_wconf 87' lang='lat' dir='ltr'>alios:</span> <span class='ocrx_word' id='word_1_75' title='bbox 1886 2177 2078 2235; x_wconf 91' lang='lat' dir='ltr'>natus</span> <span class='ocrx_word' id='word_1_76' title='bbox 2125 2168 2409 2234; x_wconf 84' lang='lat' dir='ltr'>lacrimis</span> <span class='ocrx_word' id='word_1_77' title='bbox 2454 2188 2583 2233; x_wconf 93' lang='lat' dir='ltr'>non</span> <span class='ocrx_word' id='word_1_78' title='bbox 2626 2167 2877 2251; x_wconf 84' lang='lat' dir='ltr'>indiget</span> <span class='ocrx_word' id='word_1_79' title='bbox 2921 2168 3107 2249; x_wconf 88' lang='lat' dir='ltr'>ullis,</span> 
     </span>
     <span class='ocr_line' id='line_1_15' title="bbox 1575 2271 2927 2340; baseline -0.004 0"><span class='ocrx_word' id='word_1_80' title='bbox 1575 2282 1640 2340; x_wconf 92' lang='lat' dir='ltr'>et</span> <span class='ocrx_word' id='word_1_81' title='bbox 1682 2293 1864 2339; x_wconf 91' lang='lat' dir='ltr'>meus</span> <span class='ocrx_word' id='word_1_82' title='bbox 1910 2280 1975 2338; x_wconf 93' lang='lat' dir='ltr'>et</span> <span class='ocrx_word' id='word_1_83' title='bbox 2016 2272 2168 2338; x_wconf 88' lang='lat' dir='ltr'>talis</span> <span class='ocrx_word' id='word_1_84' title='bbox 2214 2278 2278 2337; x_wconf 92' lang='lat' dir='ltr'>et</span> <span class='ocrx_word' id='word_1_85' title='bbox 2324 2271 2927 2337; x_wconf 87' lang='lat' dir='ltr'>Lacedaemonius&#39;.</span> 
     </span>
    </p>
   </div>
   <div class='ocr_carea' id='block_1_6' title="bbox 1936 2511 2772 2579">
    <p class='ocr_par' dir='ltr' id='par_1_6' title="bbox 1936 2511 2772 2579">
     <span class='ocr_line' id='line_1_16' title="bbox 1936 2511 2772 2579; baseline -0.001 -1"><span class='ocrx_word' id='word_1_86' title='bbox 1936 2513 2186 2579; x_wconf 89' lang='lat' dir='ltr'><strong>XXHI.</strong></span> <span class='ocrx_word' id='word_1_87' title='bbox 2240 2513 2358 2578; x_wconf 91' lang='lat' dir='ltr'>EX</span> <span class='ocrx_word' id='word_1_88' title='bbox 2403 2511 2772 2579; x_wconf 81' lang='lat' dir='ltr'><strong>GRAECO.</strong></span> 
     </span>
    </p>
   </div>
   <div class='ocr_carea' id='block_1_7' title="bbox 1400 2651 3987 2839">
    <p class='ocr_par' dir='ltr' id='par_1_7' title="bbox 1400 2651 3987 2839">
     <span class='ocr_line' id='line_1_17' title="bbox 1400 2651 3987 2737; baseline -0.004 -17"><span class='ocrx_word' id='word_1_89' title='bbox 1400 2654 1607 2720; x_wconf 85' lang='lat' dir='ltr'>Mater</span> <span class='ocrx_word' id='word_1_90' title='bbox 1652 2654 1951 2718; x_wconf 88' lang='lat' dir='ltr'>Lacaena</span> <span class='ocrx_word' id='word_1_91' title='bbox 1994 2652 2204 2737; x_wconf 92' lang='lat' dir='ltr'>clipeo</span> <span class='ocrx_word' id='word_1_92' title='bbox 2249 2652 2591 2716; x_wconf 90' lang='lat' dir='ltr'>obarmans</span> <span class='ocrx_word' id='word_1_93' title='bbox 2634 2651 2834 2715; x_wconf 90' lang='lat' dir='ltr'>filium</span> <span class='ocrx_word' id='word_1_94' title='bbox 3923 2672 3987 2722; x_wconf 83' lang='lat'>25</span> 
     </span>
     <span class='ocr_line' id='line_1_18' title="bbox 1580 2754 3983 2839; baseline 0 -18"><span class='ocrx_word' id='word_1_95' title='bbox 1580 2762 1758 2822; x_wconf 87' lang='lat' dir='ltr'>‘cum</span> <span class='ocrx_word' id='word_1_96' title='bbox 1805 2756 1972 2839; x_wconf 80' lang='lat' dir='ltr'>hoe&#39;,</span> <span class='ocrx_word' id='word_1_97' title='bbox 2024 2755 2269 2837; x_wconf 91' lang='lat' dir='ltr'>inquit,</span> <span class='ocrx_word' id='word_1_98' title='bbox 2333 2759 2478 2820; x_wconf 86' lang='lat' dir='ltr'>‘aut</span> <span class='ocrx_word' id='word_1_99' title='bbox 2520 2755 2586 2820; x_wconf 93' lang='lat' dir='ltr'>in</span> <span class='ocrx_word' id='word_1_100' title='bbox 2631 2755 2752 2820; x_wconf 88' lang='lat' dir='ltr'>hoc</span> <span class='ocrx_word' id='word_1_101' title='bbox 2796 2754 2990 2819; x_wconf 88' lang='lat' dir='ltr'>redi&#39;.</span> <span class='ocrx_word' id='word_1_102' title='bbox 3901 2759 3983 2821; x_wconf 84' lang='grc' dir='ltr'>(ω)</span> 
     </span>
    </p>
   </div>
   <div class='ocr_carea' id='block_1_8' title="bbox 1629 2996 3071 3064">
    <p class='ocr_par' dir='ltr' id='par_1_8' title="bbox 1629 2996 3071 3064">
     <span class='ocr_line' id='line_1_19' title="bbox 1629 2996 3071 3064; baseline -0.001 -2"><span class='ocrx_word' id='word_1_103' title='bbox 1629 2998 1913 3064; x_wconf 90' lang='lat' dir='ltr'><strong>XXIIII.</strong></span> <span class='ocrx_word' id='word_1_104' title='bbox 1965 2998 2059 3063; x_wconf 88' lang='lat' dir='ltr'>IN</span> <span class='ocrx_word' id='word_1_105' title='bbox 2104 2996 2470 3063; x_wconf 85' lang='lat' dir='ltr'><strong>DIVITEM</strong></span> <span class='ocrx_word' id='word_1_106' title='bbox 2515 2996 3071 3061; x_wconf 85' lang='lat' dir='ltr'><strong>DEGENEREM.</strong></span> 
     </span>
    </p>
   </div>
   <div class='ocr_carea' id='block_1_9' title="bbox 1397 3135 3986 3532">
    <p class='ocr_par' dir='ltr' id='par_1_9' title="bbox 1397 3135 3986 3532">
     <span class='ocr_line' id='line_1_20' title="bbox 1397 3135 3986 3223; baseline -0.003 -20"><span class='ocrx_word' id='word_1_107' title='bbox 1397 3137 1672 3216; x_wconf 83' lang='lat' dir='ltr'>Quidam</span> <span class='ocrx_word' id='word_1_108' title='bbox 1718 3137 2037 3223; x_wconf 89' lang='lat' dir='ltr'>superbus</span> <span class='ocrx_word' id='word_1_109' title='bbox 2082 3135 2311 3221; x_wconf 90' lang='lat' dir='ltr'>opibus</span> <span class='ocrx_word' id='word_1_110' title='bbox 2358 3142 2423 3200; x_wconf 89' lang='lat' dir='ltr'>et</span> <span class='ocrx_word' id='word_1_111' title='bbox 2470 3135 2639 3200; x_wconf 90' lang='lat' dir='ltr'>fastu</span> <span class='ocrx_word' id='word_1_112' title='bbox 2685 3142 2939 3201; x_wconf 89' lang='lat' dir='ltr'>tumens</span> <span class='ocrx_word' id='word_1_113' title='bbox 3920 3156 3986 3206; x_wconf 75' lang='lat'>26</span> 
     </span>
     <span class='ocr_line' id='line_1_21' title="bbox 1566 3238 3979 3324; baseline -0.001 -17"><span class='ocrx_word' id='word_1_114' title='bbox 1566 3248 1939 3324; x_wconf 88' lang='lat' dir='ltr'>tantumque</span> <span class='ocrx_word' id='word_1_115' title='bbox 1986 3238 2199 3305; x_wconf 87' lang='lat' dir='ltr'>verbis</span> <span class='ocrx_word' id='word_1_116' title='bbox 2243 3239 2482 3305; x_wconf 91' lang='lat' dir='ltr'>nobilis</span> <span class='ocrx_word' id='word_1_117' title='bbox 3900 3245 3979 3305; x_wconf 75' lang='grc' dir='ltr'>(ω)</span> 
     </span>
     <span class='ocr_line' id='line_1_22' title="bbox 1399 3342 2777 3431; baseline -0.004 -19"><span class='ocrx_word' id='word_1_118' title='bbox 1399 3345 1645 3431; x_wconf 90' lang='lat' dir='ltr'>spernit</span> <span class='ocrx_word' id='word_1_119' title='bbox 1689 3343 1969 3427; x_wconf 84' lang='lat' dir='ltr'>vigentis</span> <span class='ocrx_word' id='word_1_120' title='bbox 2017 3344 2194 3409; x_wconf 85' lang='lat' dir='ltr'>clara</span> <span class='ocrx_word' id='word_1_121' title='bbox 2240 3343 2441 3408; x_wconf 86' lang='lat' dir='ltr'>saecli</span> <span class='ocrx_word' id='word_1_122' title='bbox 2485 3342 2777 3423; x_wconf 86' lang='lat' dir='ltr'>nomina,</span> 
     </span>
     <span class='ocr_line' id='line_1_23' title="bbox 1575 3448 2575 3532; baseline -0.002 -19"><span class='ocrx_word' id='word_1_123' title='bbox 1575 3448 1846 3530; x_wconf 90' lang='lat' dir='ltr'>antiqua</span> <span class='ocrx_word' id='word_1_124' title='bbox 1891 3452 2159 3532; x_wconf 86' lang='lat' dir='ltr'>captans</span> <span class='ocrx_word' id='word_1_125' title='bbox 2205 3453 2575 3527; x_wconf 87' lang='lat' dir='ltr'>stemmata,</span> 
     </span>
    </p>
   </div>
   <div class='ocr_carea' id='block_1_10' title="bbox 726 3653 3054 3954">
    <p class='ocr_par' dir='ltr' id='par_1_10' title="bbox 726 3653 3054 3954">
     <span class='ocr_line' id='line_1_24' title="bbox 897 3653 2450 3724; baseline -0.004 -13"><span class='ocrx_word' id='word_1_126' title='bbox 897 3663 1039 3712; x_wconf 82' lang='lat' dir='ltr'><strong>XXI.</strong></span> <span class='ocrx_word' id='word_1_127' title='bbox 1116 3662 1276 3710; x_wconf 81' lang='lat' dir='ltr'>Antb.</span> <span class='ocrx_word' id='word_1_128' title='bbox 1318 3661 1423 3708; x_wconf 83' lang='lat' dir='ltr'>Pal.</span> <span class='ocrx_word' id='word_1_129' title='bbox 1464 3659 1611 3708; x_wconf 83' lang='lat' dir='ltr'><strong>VIIII</strong></span> <span class='ocrx_word' id='word_1_130' title='bbox 1647 3657 1713 3706; x_wconf 81' lang='lat'>44</span> <span class='ocrx_word' id='word_1_131' title='bbox 1752 3653 2028 3712; x_wconf 83' lang='grc' dir='ltr'><strong>Πλάτωνος</strong></span> <span class='ocrx_word' id='word_1_132' title='bbox 2063 3658 2154 3706; x_wconf 76' lang='grc' dir='ltr'>τοῦ</span> <span class='ocrx_word' id='word_1_133' title='bbox 2194 3653 2450 3724; x_wconf 67' lang='grc' dir='ltr'><strong>μεγάλους</strong></span> 
     </span>
     <span class='ocr_line' id='line_1_25' title="bbox 1553 3728 3054 3803; baseline -0.003 -17"><span class='ocrx_word' id='word_1_134' title='bbox 1553 3730 1751 3802; x_wconf 85' lang='grc' dir='ltr'><strong>Χρυσὸν</strong></span> <span class='ocrx_word' id='word_1_135' title='bbox 1789 3730 1919 3801; x_wconf 80' lang='grc' dir='ltr'><strong>ἀνὴρ</strong></span> <span class='ocrx_word' id='word_1_136' title='bbox 1957 3728 2118 3802; x_wconf 74' lang='grc' dir='ltr'><strong>εὑρὼν</strong></span> <span class='ocrx_word' id='word_1_137' title='bbox 2158 3730 2301 3783; x_wconf 78' lang='grc' dir='ltr'>ἔλιπε</span> <span class='ocrx_word' id='word_1_138' title='bbox 2342 3730 2565 3803; x_wconf 80' lang='grc' dir='ltr'><strong>βρόχον·</strong></span> <span class='ocrx_word' id='word_1_139' title='bbox 2607 3729 2764 3799; x_wconf 75' lang='grc' dir='ltr'><strong>αὐτὰρ</strong></span> <span class='ocrx_word' id='word_1_140' title='bbox 2804 3728 2830 3780; x_wconf 86' lang='grc' dir='ltr'>ὁ</span> <span class='ocrx_word' id='word_1_141' title='bbox 2866 3732 3054 3803; x_wconf 77' lang='grc' dir='ltr'><strong>χρυσὸν</strong></span> 
     </span>
     <span class='ocr_line' id='line_1_26' title="bbox 1690 3805 2918 3882; baseline -0.002 -21"><span class='ocrx_word' id='word_1_142' title='bbox 1690 3809 1745 3862; x_wconf 82' lang='grc' dir='ltr'><strong>ὃν</strong></span> <span class='ocrx_word' id='word_1_143' title='bbox 1782 3808 1924 3861; x_wconf 82' lang='grc' dir='ltr'><strong>λίπεν</strong></span> <span class='ocrx_word' id='word_1_144' title='bbox 1964 3808 2063 3882; x_wconf 83' lang='grc' dir='ltr'>οὐχ</span> <span class='ocrx_word' id='word_1_145' title='bbox 2098 3807 2258 3878; x_wconf 77' lang='grc' dir='ltr'><strong>εὑρὼν</strong></span> <span class='ocrx_word' id='word_1_146' title='bbox 2296 3808 2428 3879; x_wconf 77' lang='grc' dir='ltr'><strong>ἧψεν</strong></span> <span class='ocrx_word' id='word_1_147' title='bbox 2467 3809 2521 3860; x_wconf 84' lang='grc' dir='ltr'><strong>ὃν</strong></span> <span class='ocrx_word' id='word_1_148' title='bbox 2561 3805 2676 3877; x_wconf 79' lang='grc' dir='ltr'>εὗρε</span> <span class='ocrx_word' id='word_1_149' title='bbox 2715 3806 2918 3879; x_wconf 81' lang='grc' dir='ltr'><strong>βρόχον.</strong></span> 
     </span>
     <span class='ocr_line' id='line_1_27' title="bbox 726 3885 1595 3954; baseline -0.003 -14"><span class='ocrx_word' id='word_1_150' title='bbox 726 3894 793 3954; x_wconf 79' lang='lat' dir='ltr'>cs.</span> <span class='ocrx_word' id='word_1_151' title='bbox 838 3894 903 3942; x_wconf 74' lang='lat'>45</span> <span class='ocrx_word' id='word_1_152' title='bbox 944 3886 1273 3954; x_wconf 74' lang='grc' dir='ltr'><strong>(Στατυλλίου</strong></span> <span class='ocrx_word' id='word_1_153' title='bbox 1313 3885 1595 3952; x_wconf 71' lang='grc' dir='ltr'><strong>Φλάκκου).</strong></span> 
     </span>
    </p>
   </div>
   <div class='ocr_carea' id='block_1_11' title="bbox 901 3969 3095 4434">
    <p class='ocr_par' dir='ltr' id='par_1_11' title="bbox 901 3969 3095 4434">
     <span class='ocr_line' id='line_1_28' title="bbox 901 3969 2192 4042; baseline -0.003 -16"><span class='ocrx_word' id='word_1_154' title='bbox 901 3979 1069 4026; x_wconf 84' lang='lat' dir='ltr'><strong>XXII.</strong></span> <span class='ocrx_word' id='word_1_155' title='bbox 1147 3978 1301 4025; x_wconf 83' lang='lat' dir='ltr'>Anth.</span> <span class='ocrx_word' id='word_1_156' title='bbox 1347 3977 1450 4025; x_wconf 76' lang='lat' dir='ltr'>Pal.</span> <span class='ocrx_word' id='word_1_157' title='bbox 1491 3976 1590 4023; x_wconf 88' lang='lat' dir='ltr'>Vll</span> <span class='ocrx_word' id='word_1_158' title='bbox 1628 3974 1728 4024; x_wconf 86' lang='lat'>229</span> <span class='ocrx_word' id='word_1_159' title='bbox 1768 3969 2192 4042; x_wconf 71' lang='grc' dir='ltr'><strong>(Διοσκουρίὸου);</strong></span> 
     </span>
     <span class='ocr_line' id='line_1_29' title="bbox 1555 4047 3095 4120; baseline -0.003 -16"><span class='ocrx_word' id='word_1_160' title='bbox 1555 4049 1632 4120; x_wconf 60' lang='lat' dir='ltr'>To}</span> <span class='ocrx_word' id='word_1_161' title='bbox 1670 4049 1863 4120; x_wconf 76' lang='grc' dir='ltr'><strong>[Ιιτάνᾳ</strong></span> <span class='ocrx_word' id='word_1_162' title='bbox 1900 4048 2259 4120; x_wconf 78' lang='grc' dir='ltr'><strong>Θρασύβουλος</strong></span> <span class='ocrx_word' id='word_1_163' title='bbox 2296 4047 2374 4101; x_wconf 81' lang='grc' dir='ltr'>ἐπ’</span> <span class='ocrx_word' id='word_1_164' title='bbox 2409 4048 2619 4107; x_wconf 77' lang='grc' dir='ltr'><strong>ἀσπίδος</strong></span> <span class='ocrx_word' id='word_1_165' title='bbox 2656 4047 2849 4117; x_wconf 76' lang='grc' dir='ltr'><strong>ἤλυθεν</strong></span> <span class='ocrx_word' id='word_1_166' title='bbox 2887 4048 3095 4112; x_wconf 81' lang='grc' dir='ltr'><strong>ἄπνους,</strong></span> 
     </span>
     <span class='ocr_line' id='line_1_30' title="bbox 1691 4125 2878 4198; baseline -0.003 -17"><span class='ocrx_word' id='word_1_167' title='bbox 1691 4128 1821 4182; x_wconf 81' lang='grc' dir='ltr'><strong>ἑπτὰ</strong></span> <span class='ocrx_word' id='word_1_168' title='bbox 1857 4129 1981 4198; x_wconf 85' lang='grc' dir='ltr'><strong>πρὸς</strong></span> <span class='ocrx_word' id='word_1_169' title='bbox 2019 4126 2249 4198; x_wconf 81' lang='grc' dir='ltr'><strong>Ἀργείων</strong></span> <span class='ocrx_word' id='word_1_170' title='bbox 2286 4125 2554 4196; x_wconf 79' lang='grc' dir='ltr'><strong>τραύματα</strong></span> <span class='ocrx_word' id='word_1_171' title='bbox 2591 4125 2878 4195; x_wconf 74' lang='grc' dir='ltr'><strong>δεξάμενος,</strong></span> 
     </span>
     <span class='ocr_line' id='line_1_31' title="bbox 1553 4202 3028 4275; baseline -0.002 -16"><span class='ocrx_word' id='word_1_172' title='bbox 1553 4207 1749 4267; x_wconf 71' lang='grc' dir='ltr'><strong>δεικνὺς</strong></span> <span class='ocrx_word' id='word_1_173' title='bbox 1787 4207 1931 4260; x_wconf 79' lang='grc' dir='ltr'><strong>ἀντία</strong></span> <span class='ocrx_word' id='word_1_174' title='bbox 1966 4206 2157 4258; x_wconf 83' lang='grc' dir='ltr'><strong>πάντα·</strong></span> <span class='ocrx_word' id='word_1_175' title='bbox 2197 4206 2282 4258; x_wconf 84' lang='grc' dir='ltr'><strong>τὸν</strong></span> <span class='ocrx_word' id='word_1_176' title='bbox 2321 4205 2628 4275; x_wconf 79' lang='grc' dir='ltr'><strong>αἱματόεντα</strong></span> <span class='ocrx_word' id='word_1_177' title='bbox 2666 4202 2705 4254; x_wconf 78' lang='grc' dir='ltr'>δ’</span> <span class='ocrx_word' id='word_1_178' title='bbox 2745 4204 2771 4256; x_wconf 81' lang='grc' dir='ltr'>ὁ</span> <span class='ocrx_word' id='word_1_179' title='bbox 2809 4205 3028 4274; x_wconf 76' lang='grc' dir='ltr'>πρέσβυς</span> 
     </span>
     <span class='ocr_line' id='line_1_32' title="bbox 1688 4282 2896 4357; baseline -0.003 -19"><span class='ocrx_word' id='word_1_180' title='bbox 1688 4284 1830 4339; x_wconf 78' lang='grc' dir='ltr'><strong>παῖδ’</strong></span> <span class='ocrx_word' id='word_1_181' title='bbox 1866 4284 1951 4336; x_wconf 82' lang='grc' dir='ltr'>ἐπὶ</span> <span class='ocrx_word' id='word_1_182' title='bbox 1988 4285 2243 4354; x_wconf 73' lang='grc' dir='ltr'><strong>πυρκαϊὴν</strong></span> <span class='ocrx_word' id='word_1_183' title='bbox 2280 4282 2529 4357; x_wconf 80' lang='grc' dir='ltr'><strong>Τύννιχος</strong></span> <span class='ocrx_word' id='word_1_184' title='bbox 2565 4282 2674 4335; x_wconf 81' lang='grc' dir='ltr'>εἶπε</span> <span class='ocrx_word' id='word_1_185' title='bbox 2709 4282 2896 4340; x_wconf 75' lang='grc' dir='ltr'><strong>τιθείς·</strong></span> 
     </span>
     <span class='ocr_line' id='line_1_33' title="bbox 1549 4360 3015 4434; baseline -0.002 -19"><span class='ocrx_word' id='word_1_186' title='bbox 1549 4362 1737 4417; x_wconf 73' lang='grc' dir='ltr'><strong>’δειλοὶ</strong></span> <span class='ocrx_word' id='word_1_187' title='bbox 1769 4362 2127 4416; x_wconf 71' lang='grc' dir='ltr'><strong>κλαιέσθωσαν</strong></span> <span class='ocrx_word' id='word_1_188' title='bbox 2150 4378 2162 4390; x_wconf 89' lang='grc'><em>·</em></span> <span class='ocrx_word' id='word_1_189' title='bbox 2205 4362 2305 4434; x_wconf 79' lang='grc' dir='ltr'>ἐγὼ</span> <span class='ocrx_word' id='word_1_190' title='bbox 2343 4362 2399 4415; x_wconf 77' lang='grc' dir='ltr'>δὲ</span> <span class='ocrx_word' id='word_1_191' title='bbox 2438 4363 2510 4426; x_wconf 74' lang='grc' dir='ltr'>σέ,</span> <span class='ocrx_word' id='word_1_192' title='bbox 2551 4363 2748 4421; x_wconf 73' lang='grc' dir='ltr'><strong>τέκνον.</strong></span> <span class='ocrx_word' id='word_1_193' title='bbox 2791 4360 3015 4430; x_wconf 72' lang='grc' dir='ltr'><strong>ἄδακρυς</strong></span> 
     </span>
    </p>
   </div>
   <div class='ocr_carea' id='block_1_12' title="bbox 726 4439 2882 4584">
    <p class='ocr_par' dir='ltr' id='par_1_12' title="bbox 726 4439 2882 4584">
     <span class='ocr_line' id='line_1_34' title="bbox 1691 4439 2882 4511; baseline -0.003 -15"><span class='ocrx_word' id='word_1_194' title='bbox 1691 4441 1865 4511; x_wconf 75' lang='grc' dir='ltr'>θάψω,</span> <span class='ocrx_word' id='word_1_195' title='bbox 1905 4443 1991 4495; x_wconf 85' lang='grc' dir='ltr'><strong>τὸν</strong></span> <span class='ocrx_word' id='word_1_196' title='bbox 2027 4443 2117 4494; x_wconf 70' lang='grc' dir='ltr'>καὶ</span> <span class='ocrx_word' id='word_1_197' title='bbox 2153 4441 2275 4511; x_wconf 84' lang='grc' dir='ltr'><strong>ἐμὸν</strong></span> <span class='ocrx_word' id='word_1_198' title='bbox 2312 4442 2400 4495; x_wconf 76' lang='grc' dir='ltr'><strong>’καὶ</strong></span> <span class='ocrx_word' id='word_1_199' title='bbox 2437 4439 2882 4509; x_wconf 73' lang='grc' dir='ltr'><strong>Λακεδαιμόνιον’.</strong></span> 
     </span>
     <span class='ocr_line' id='line_1_35' title="bbox 726 4522 1691 4584; baseline 0.003 -15"><span class='ocrx_word' id='word_1_200' title='bbox 726 4523 798 4584; x_wconf 82' lang='lat' dir='ltr'>cf.</span> <span class='ocrx_word' id='word_1_201' title='bbox 843 4524 978 4572; x_wconf 89' lang='lat' dir='ltr'>Plut.</span> <span class='ocrx_word' id='word_1_202' title='bbox 1023 4522 1277 4584; x_wconf 83' lang='lat' dir='ltr'>Apophth.</span> <span class='ocrx_word' id='word_1_203' title='bbox 1324 4523 1435 4571; x_wconf 76' lang='lat' dir='ltr'>Lac.</span> <span class='ocrx_word' id='word_1_204' title='bbox 1478 4537 1584 4572; x_wconf 78' lang='lat' dir='ltr'>var.</span> <span class='ocrx_word' id='word_1_205' title='bbox 1624 4523 1691 4572; x_wconf 82' lang='lat'>48</span> 
     </span>
    </p>
   </div>
   <div class='ocr_carea' id='block_1_13' title="bbox 901 4609 2193 4673">
    <p class='ocr_par' dir='ltr' id='par_1_13' title="bbox 901 4609 2193 4673">
     <span class='ocr_line' id='line_1_36' title="bbox 901 4609 2193 4673; baseline 0 -16"><span class='ocrx_word' id='word_1_206' title='bbox 901 4610 1100 4657; x_wconf 82' lang='lat' dir='ltr'>xxm.</span> <span class='ocrx_word' id='word_1_207' title='bbox 1175 4609 1315 4658; x_wconf 86' lang='lat' dir='ltr'>Plut.</span> <span class='ocrx_word' id='word_1_208' title='bbox 1357 4610 1616 4673; x_wconf 83' lang='lat' dir='ltr'>Apophth.</span> <span class='ocrx_word' id='word_1_209' title='bbox 1658 4611 1865 4658; x_wconf 77' lang='lat' dir='ltr'>Lacaeu.</span> <span class='ocrx_word' id='word_1_210' title='bbox 1908 4612 2085 4659; x_wconf 81' lang='lat' dir='ltr'>incert.</span> <span class='ocrx_word' id='word_1_211' title='bbox 2132 4609 2193 4657; x_wconf 90' lang='grc'>15</span> 
     </span>
    </p>
   </div>
   <div class='ocr_carea' id='block_1_14' title="bbox 722 4795 3988 5295">
    <p class='ocr_par' dir='ltr' id='par_1_14' title="bbox 722 4795 3987 5035">
     <span class='ocr_line' id='line_1_37' title="bbox 898 4795 3987 4866; baseline 0.001 -20"><span class='ocrx_word' id='word_1_212' title='bbox 898 4798 1041 4847; x_wconf 85' lang='lat' dir='ltr'>xx1.</span> <span class='ocrx_word' id='word_1_213' title='bbox 1117 4799 1194 4847; x_wconf 89' lang='lat' dir='ltr'>De</span> <span class='ocrx_word' id='word_1_214' title='bbox 1231 4813 1289 4847; x_wconf 91' lang='lat' dir='ltr'>eo</span> <span class='ocrx_word' id='word_1_215' title='bbox 1326 4799 1413 4859; x_wconf 90' lang='lat' dir='ltr'>qui</span> <span class='ocrx_word' id='word_1_216' title='bbox 1450 4800 1745 4847; x_wconf 71' lang='lat' dir='ltr'>thesaurum</span> <span class='ocrx_word' id='word_1_217' title='bbox 1781 4800 2006 4861; x_wconf 81' lang='lat' dir='ltr'>repperit</span> <span class='ocrx_word' id='word_1_218' title='bbox 2041 4813 2155 4847; x_wconf 88' lang='lat' dir='ltr'>cum</span> <span class='ocrx_word' id='word_1_219' title='bbox 2191 4812 2244 4847; x_wconf 87' lang='lat' dir='ltr'>se</span> <span class='ocrx_word' id='word_1_220' title='bbox 2280 4799 2464 4860; x_wconf 71' lang='lat' dir='ltr'>laqueo</span> <span class='ocrx_word' id='word_1_221' title='bbox 2502 4799 2661 4846; x_wconf 86' lang='lat' dir='ltr'>uellet</span> <span class='ocrx_word' id='word_1_222' title='bbox 2696 4799 3002 4860; x_wconf 86' lang='lat' dir='ltr'>suspendere</span> <span class='ocrx_word' id='word_1_223' title='bbox 3035 4798 3086 4860; x_wconf 83' lang='lat' dir='ltr'>V,</span> <span class='ocrx_word' id='word_1_224' title='bbox 3130 4799 3211 4846; x_wconf 83' lang='lat' dir='ltr'>Ex</span> <span class='ocrx_word' id='word_1_225' title='bbox 3235 4797 3389 4846; x_wconf 86' lang='lat' dir='ltr'>Greco</span> <span class='ocrx_word' id='word_1_226' title='bbox 3427 4795 3685 4866; x_wconf 58' lang='lat' dir='ltr'>Mp3992p,</span> <span class='ocrx_word' id='word_1_227' title='bbox 3727 4800 3803 4846; x_wconf 80' lang='lat' dir='ltr'>Ex</span> <span class='ocrx_word' id='word_1_228' title='bbox 3834 4800 3987 4848; x_wconf 74' lang='lat' dir='ltr'>Greco</span> 
     </span>
     <span class='ocr_line' id='line_1_38' title="bbox 722 4882 3986 4949; baseline 0.001 -16"><span class='ocrx_word' id='word_1_229' title='bbox 722 4886 1009 4934; x_wconf 79' lang='lat' dir='ltr'>traductum</span> <span class='ocrx_word' id='word_1_230' title='bbox 1046 4885 1107 4932; x_wconf 89' lang='lat' dir='ltr'>de</span> <span class='ocrx_word' id='word_1_231' title='bbox 1143 4899 1260 4933; x_wconf 75' lang='lat' dir='ltr'>essu</span> <span class='ocrx_word' id='word_1_232' title='bbox 1297 4885 1508 4946; x_wconf 83' lang='lat' dir='ltr'>quodam</span> <span class='ocrx_word' id='word_1_233' title='bbox 1544 4901 1596 4949; x_wconf 86' lang='grc' dir='ltr'>χ,</span> <span class='ocrx_word' id='word_1_234' title='bbox 1652 4885 1748 4944; x_wconf 79' lang='lat' dir='ltr'>Qui</span> <span class='ocrx_word' id='word_1_235' title='bbox 1784 4899 1838 4933; x_wconf 88' lang='lat' dir='ltr'>se</span> <span class='ocrx_word' id='word_1_236' title='bbox 1874 4887 2077 4935; x_wconf 79' lang='lat' dir='ltr'>uolebat</span> <span class='ocrx_word' id='word_1_237' title='bbox 2112 4885 2419 4946; x_wconf 86' lang='lat' dir='ltr'>suspendere</span> <span class='ocrx_word' id='word_1_238' title='bbox 2455 4887 2678 4947; x_wconf 87' lang='lat' dir='ltr'>repperit</span> <span class='ocrx_word' id='word_1_239' title='bbox 2713 4900 2888 4933; x_wconf 81' lang='lat' dir='ltr'>aurum</span> <span class='ocrx_word' id='word_1_240' title='bbox 2928 4882 2994 4946; x_wconf 82' lang='lat' dir='ltr'>b2,</span> <span class='ocrx_word' id='word_1_241' title='bbox 3048 4885 3246 4934; x_wconf 77' lang='lat' dir='ltr'>nullum</span> <span class='ocrx_word' id='word_1_242' title='bbox 3283 4886 3458 4932; x_wconf 82' lang='lat' dir='ltr'>lemma</span> <span class='ocrx_word' id='word_1_243' title='bbox 3502 4885 3560 4945; x_wconf 87' lang='grc' dir='ltr'>Τ,</span> <span class='ocrx_word' id='word_1_244' title='bbox 3613 4885 3846 4935; x_wconf 79' lang='lat' dir='ltr'>Riccard.</span> <span class='ocrx_word' id='word_1_245' title='bbox 3886 4888 3986 4935; x_wconf 86' lang='lat'>907</span> 
     </span>
     <span class='ocr_line' id='line_1_39' title="bbox 722 4968 3428 5035; baseline 0 -15"><span class='ocrx_word' id='word_1_246' title='bbox 722 4974 764 5034; x_wconf 79' lang='lat' dir='ltr'>f.</span> <span class='ocrx_word' id='word_1_247' title='bbox 811 4970 935 5021; x_wconf 81' lang='grc'>183’“</span> <span class='ocrx_word' id='word_1_248' title='bbox 1147 4970 1169 5019; x_wconf 91' lang='grc'>1</span> <span class='ocrx_word' id='word_1_249' title='bbox 1210 4975 1255 5018; x_wconf 78' lang='lat' dir='ltr'>et</span> <span class='ocrx_word' id='word_1_250' title='bbox 1292 4970 1322 5019; x_wconf 89' lang='lat'><strong>3</strong></span> <span class='ocrx_word' id='word_1_251' title='bbox 1359 4973 1546 5034; x_wconf 84' lang='lat' dir='ltr'>reperit</span> <span class='ocrx_word' id='word_1_252' title='bbox 1586 4971 1628 5018; x_wconf 88' lang='grc' dir='ltr'><em>Τ</em></span> <span class='ocrx_word' id='word_1_253' title='bbox 1837 4972 1868 5021; x_wconf 82' lang='lat'>4</span> <span class='ocrx_word' id='word_1_254' title='bbox 1905 4972 2129 5035; x_wconf 83' lang='lat' dir='ltr'>repperit</span> <span class='ocrx_word' id='word_1_255' title='bbox 2173 4968 2268 5032; x_wconf 75' lang='lat' dir='ltr'>V9²</span> <span class='ocrx_word' id='word_1_256' title='bbox 2308 4972 2359 5032; x_wconf 89' lang='lat' dir='ltr'>(p</span> <span class='ocrx_word' id='word_1_257' title='bbox 2392 4986 2471 5032; x_wconf 81' lang='lat' dir='ltr'>pr.</span> <span class='ocrx_word' id='word_1_258' title='bbox 2515 4971 2669 5033; x_wconf 74' lang='lat' dir='ltr'>craso)</span> <span class='ocrx_word' id='word_1_259' title='bbox 2711 4968 2889 5033; x_wconf 77' lang='lat' dir='ltr'>Mp3b2,</span> <span class='ocrx_word' id='word_1_260' title='bbox 2937 4973 3164 5034; x_wconf 81' lang='lat' dir='ltr'>repperit</span> <span class='ocrx_word' id='word_1_261' title='bbox 3201 4971 3428 5020; x_wconf 76' lang='lat' dir='ltr'>Riccard.</span> 
     </span>
    </p>

    <p class='ocr_par' dir='ltr' id='par_1_15' title="bbox 726 5041 3988 5295">
     <span class='ocr_line' id='line_1_40' title="bbox 901 5041 3988 5121; baseline 0 -15"><span class='ocrx_word' id='word_1_262' title='bbox 901 5058 1071 5106; x_wconf 85' lang='lat' dir='ltr'><strong>XXII.</strong></span> <span class='ocrx_word' id='word_1_263' title='bbox 1146 5059 1222 5107; x_wconf 89' lang='lat' dir='ltr'>De</span> <span class='ocrx_word' id='word_1_264' title='bbox 1262 5058 1543 5107; x_wconf 71' lang='lat' dir='ltr'>Trasibullo</span> <span class='ocrx_word' id='word_1_265' title='bbox 1582 5058 1973 5107; x_wconf 80' lang='lat' dir='ltr'>Lacedaemonio</span> <span class='ocrx_word' id='word_1_266' title='bbox 2009 5064 2065 5107; x_wconf 88' lang='lat' dir='ltr'>et</span> <span class='ocrx_word' id='word_1_267' title='bbox 2098 5058 2277 5106; x_wconf 84' lang='lat' dir='ltr'>Pitano</span> <span class='ocrx_word' id='word_1_268' title='bbox 2313 5059 2404 5121; x_wconf 57' lang='lat' dir='ltr'>ffe</span> <span class='ocrx_word' id='word_1_269' title='bbox 2439 5074 2488 5119; x_wconf 90' lang='lat' dir='ltr'>v,</span> <span class='ocrx_word' id='word_1_270' title='bbox 2530 5058 2606 5106; x_wconf 91' lang='lat' dir='ltr'>De</span> <span class='ocrx_word' id='word_1_271' title='bbox 2632 5057 2940 5116; x_wconf 83' lang='lat' dir='ltr'>Thrasybulo</span> <span class='ocrx_word' id='word_1_272' title='bbox 2981 5041 3369 5106; x_wconf 65' lang='lat' dir='ltr'>Lacedaemonio</span> <span class='ocrx_word' id='word_1_273' title='bbox 3405 5059 3492 5119; x_wconf 80' lang='lat' dir='ltr'>qui</span> <span class='ocrx_word' id='word_1_274' title='bbox 3529 5059 3803 5106; x_wconf 80' lang='lat' dir='ltr'>fortissime</span> <span class='ocrx_word' id='word_1_275' title='bbox 3838 5059 3988 5107; x_wconf 50' lang='lat' dir='ltr'>dimi*</span> 
     </span>
     <span class='ocr_line' id='line_1_41' title="bbox 727 5144 3987 5207; baseline 0 -16"><span class='ocrx_word' id='word_1_276' title='bbox 727 5158 843 5191; x_wconf 78' lang='lat' dir='ltr'>cans</span> <span class='ocrx_word' id='word_1_277' title='bbox 880 5145 1181 5193; x_wconf 71' lang='lat' dir='ltr'>occubuerat</span> <span class='ocrx_word' id='word_1_278' title='bbox 1225 5145 1473 5206; x_wconf 81' lang='lat' dir='ltr'>(occubuit</span> <span class='ocrx_word' id='word_1_279' title='bbox 1512 5145 1571 5207; x_wconf 84' lang='grc' dir='ltr'>Ε)</span> <span class='ocrx_word' id='word_1_280' title='bbox 1614 5144 1712 5193; x_wconf 80' lang='lat' dir='ltr'>det.</span> <span class='ocrx_word' id='word_1_281' title='bbox 1752 5150 1864 5206; x_wconf 61' lang='lat' dir='ltr'>cet„</span> <span class='ocrx_word' id='word_1_282' title='bbox 1907 5146 2108 5194; x_wconf 79' lang='lat' dir='ltr'>nultum</span> <span class='ocrx_word' id='word_1_283' title='bbox 2145 5148 2324 5194; x_wconf 83' lang='lat' dir='ltr'>lemma</span> <span class='ocrx_word' id='word_1_284' title='bbox 2367 5144 2482 5206; x_wconf 82' lang='grc' dir='ltr'>ΤΜ,</span> <span class='ocrx_word' id='word_1_285' title='bbox 2527 5146 2603 5192; x_wconf 91' lang='lat' dir='ltr'>De</span> <span class='ocrx_word' id='word_1_286' title='bbox 2642 5145 2953 5203; x_wconf 76' lang='lat' dir='ltr'>Thrasybulo</span> <span class='ocrx_word' id='word_1_287' title='bbox 2989 5144 3376 5192; x_wconf 83' lang='lat' dir='ltr'>Lacedaemonio</span> <span class='ocrx_word' id='word_1_288' title='bbox 3412 5145 3547 5193; x_wconf 68' lang='grc' dir='ltr'><strong>θοαί.</strong></span> <span class='ocrx_word' id='word_1_289' title='bbox 3804 5144 3823 5192; x_wconf 97' lang='grc'>1</span> <span class='ocrx_word' id='word_1_290' title='bbox 3868 5146 3987 5192; x_wconf 88' lang='lat' dir='ltr'>nul-</span> 
     </span>
     <span class='ocr_line' id='line_1_42' title="bbox 726 5229 3985 5295; baseline 0 -17"><span class='ocrx_word' id='word_1_291' title='bbox 726 5244 844 5278; x_wconf 78' lang='lat' dir='ltr'>nera</span> <span class='ocrx_word' id='word_1_292' title='bbox 883 5230 960 5295; x_wconf 84' lang='grc' dir='ltr'>Τχ</span> <span class='ocrx_word' id='word_1_293' title='bbox 1167 5229 1199 5279; x_wconf 86' lang='grc'>2</span> <span class='ocrx_word' id='word_1_294' title='bbox 1236 5232 1585 5293; x_wconf 88' lang='lat' dir='ltr'>superuehens</span> <span class='ocrx_word' id='word_1_295' title='bbox 1625 5229 1683 5277; x_wconf 78' lang='lat' dir='ltr'><strong>M</strong></span> <span class='ocrx_word' id='word_1_296' title='bbox 1884 5231 2163 5279; x_wconf 72' lang='lat' dir='ltr'>thrasibule</span> <span class='ocrx_word' id='word_1_297' title='bbox 2203 5231 2272 5292; x_wconf 82' lang='lat' dir='ltr'>M,</span> <span class='ocrx_word' id='word_1_298' title='bbox 2313 5231 2574 5280; x_wconf 74' lang='lat' dir='ltr'>trasibulle</span> <span class='ocrx_word' id='word_1_299' title='bbox 2603 5231 2645 5277; x_wconf 98' lang='grc' dir='ltr'><strong><em>Τ</em></strong></span> <span class='ocrx_word' id='word_1_300' title='bbox 2853 5230 2882 5278; x_wconf 89' lang='grc'>3</span> <span class='ocrx_word' id='word_1_301' title='bbox 2921 5231 3004 5278; x_wconf 84' lang='lat' dir='ltr'>bio</span> <span class='ocrx_word' id='word_1_302' title='bbox 3041 5244 3137 5278; x_wconf 85' lang='lat' dir='ltr'>om.</span> <span class='ocrx_word' id='word_1_303' title='bbox 3173 5231 3214 5277; x_wconf 91' lang='grc' dir='ltr'><strong><em>Τ</em></strong></span> <span class='ocrx_word' id='word_1_304' title='bbox 3420 5231 3548 5292; x_wconf 74' lang='lat' dir='ltr'>pitai</span> <span class='ocrx_word' id='word_1_305' title='bbox 3578 5230 3646 5291; x_wconf 74' lang='lat' dir='ltr'>M,</span> <span class='ocrx_word' id='word_1_306' title='bbox 3686 5232 3845 5291; x_wconf 82' lang='lat' dir='ltr'>pitani</span> <span class='ocrx_word' id='word_1_307' title='bbox 3870 5235 3985 5292; x_wconf 59' lang='lat' dir='ltr'>eet„</span> 
     </span>
    </p>
   </div>
   <div class='ocr_carea' id='block_1_15' title="bbox 726 5299 3987 5813">
    <p class='ocr_par' dir='ltr' id='par_1_16' title="bbox 727 5299 2710 5397">
     <span class='ocr_line' id='line_1_43' title="bbox 727 5299 2710 5397; baseline 0.001 -18"><span class='ocrx_word' id='word_1_308' title='bbox 727 5334 928 5393; x_wconf 77' lang='lat' dir='ltr'>pitanae</span> <span class='ocrx_word' id='word_1_309' title='bbox 973 5332 1061 5393; x_wconf 75' lang='lat' dir='ltr'>Uy.</span> <span class='ocrx_word' id='word_1_310' title='bbox 1276 5334 1309 5382; x_wconf 82' lang='lat'>4</span> <span class='ocrx_word' id='word_1_311' title='bbox 1343 5335 1515 5397; x_wconf 85' lang='lat' dir='ltr'>pulcro</span> <span class='ocrx_word' id='word_1_312' title='bbox 1556 5335 1598 5381; x_wconf 82' lang='lat' dir='ltr'><em>T</em></span> <span class='ocrx_word' id='word_1_313' title='bbox 1806 5335 1836 5383; x_wconf 89' lang='lat'>5</span> <span class='ocrx_word' id='word_1_314' title='bbox 1876 5339 2062 5382; x_wconf 81' lang='lat' dir='ltr'>moesto</span> <span class='ocrx_word' id='word_1_315' title='bbox 2104 5335 2146 5381; x_wconf 89' lang='grc' dir='ltr'><strong><em>Τ</em></strong></span> <span class='ocrx_word' id='word_1_316' title='bbox 2354 5335 2384 5385; x_wconf 90' lang='grc'>8</span> <span class='ocrx_word' id='word_1_317' title='bbox 2421 5299 2476 5384; x_wconf 63' lang='grc' dir='ltr'>ξι</span> <span class='ocrx_word' id='word_1_318' title='bbox 2511 5335 2626 5382; x_wconf 78' lang='lat' dir='ltr'>talis</span> <span class='ocrx_word' id='word_1_319' title='bbox 2668 5335 2710 5381; x_wconf 85' lang='lat' dir='ltr'><strong><em>T</em></strong></span> 
     </span>
    </p>

    <p class='ocr_par' dir='ltr' id='par_1_17' title="bbox 726 5419 3977 5570">
     <span class='ocr_line' id='line_1_44' title="bbox 900 5419 3977 5482; baseline 0 -15"><span class='ocrx_word' id='word_1_320' title='bbox 900 5419 1091 5468; x_wconf 83' lang='lat' dir='ltr'>xxm.</span> <span class='ocrx_word' id='word_1_321' title='bbox 1167 5420 1247 5467; x_wconf 85' lang='lat' dir='ltr'>Ex</span> <span class='ocrx_word' id='word_1_322' title='bbox 1284 5421 1439 5469; x_wconf 81' lang='lat' dir='ltr'>Greoo</span> <span class='ocrx_word' id='word_1_323' title='bbox 1479 5420 1556 5481; x_wconf 84' lang='lat' dir='ltr'>M,</span> <span class='ocrx_word' id='word_1_324' title='bbox 1610 5422 1689 5469; x_wconf 85' lang='lat' dir='ltr'>Ex</span> <span class='ocrx_word' id='word_1_325' title='bbox 1725 5420 1883 5468; x_wconf 86' lang='lat' dir='ltr'>Greco</span> <span class='ocrx_word' id='word_1_326' title='bbox 1917 5421 2198 5469; x_wconf 80' lang='lat' dir='ltr'>traductum</span> <span class='ocrx_word' id='word_1_327' title='bbox 2236 5422 2297 5469; x_wconf 90' lang='lat' dir='ltr'>de</span> <span class='ocrx_word' id='word_1_328' title='bbox 2335 5422 2548 5482; x_wconf 85' lang='lat' dir='ltr'>quadam</span> <span class='ocrx_word' id='word_1_329' title='bbox 2586 5427 2741 5469; x_wconf 85' lang='lat' dir='ltr'>matre</span> <span class='ocrx_word' id='word_1_330' title='bbox 2780 5422 3098 5480; x_wconf 77' lang='lat' dir='ltr'>magnanlma</span> <span class='ocrx_word' id='word_1_331' title='bbox 3142 5420 3438 5481; x_wconf 83' lang='lat' dir='ltr'>(traductum</span> <span class='ocrx_word' id='word_1_332' title='bbox 3475 5425 3520 5468; x_wconf 79' lang='lat' dir='ltr'>et</span> <span class='ocrx_word' id='word_1_333' title='bbox 3557 5422 3769 5482; x_wconf 80' lang='lat' dir='ltr'>quadam</span> <span class='ocrx_word' id='word_1_334' title='bbox 3806 5436 3900 5469; x_wconf 88' lang='lat' dir='ltr'>om.</span> <span class='ocrx_word' id='word_1_335' title='bbox 3934 5422 3977 5481; x_wconf 72' lang='lat' dir='ltr'>v)</span> 
     </span>
     <span class='ocr_line' id='line_1_45' title="bbox 726 5506 3274 5570; baseline 0 -17"><span class='ocrx_word' id='word_1_336' title='bbox 726 5522 777 5570; x_wconf 86' lang='grc' dir='ltr'>χ,</span> <span class='ocrx_word' id='word_1_337' title='bbox 820 5507 1019 5553; x_wconf 80' lang='lat' dir='ltr'>nullum</span> <span class='ocrx_word' id='word_1_338' title='bbox 1058 5507 1240 5554; x_wconf 80' lang='lat' dir='ltr'>lemma</span> <span class='ocrx_word' id='word_1_339' title='bbox 1283 5507 1341 5568; x_wconf 88' lang='lat' dir='ltr'>T,</span> <span class='ocrx_word' id='word_1_340' title='bbox 1384 5508 1461 5554; x_wconf 86' lang='lat' dir='ltr'>De</span> <span class='ocrx_word' id='word_1_341' title='bbox 1500 5509 1725 5556; x_wconf 75' lang='lat' dir='ltr'>Lacaena</span> <span class='ocrx_word' id='word_1_342' title='bbox 1761 5513 1915 5556; x_wconf 78' lang='lat' dir='ltr'>matre</span> <span class='ocrx_word' id='word_1_343' title='bbox 1954 5507 2089 5556; x_wconf 78' lang='lat' dir='ltr'>scaz.</span> <span class='ocrx_word' id='word_1_344' title='bbox 2128 5509 2272 5568; x_wconf 74' lang='lat' dir='ltr'>volyo</span> <span class='ocrx_word' id='word_1_345' title='bbox 2487 5508 2504 5556; x_wconf 95' lang='grc'>1</span> <span class='ocrx_word' id='word_1_346' title='bbox 2551 5510 2753 5556; x_wconf 79' lang='lat' dir='ltr'>lacaeno</span> <span class='ocrx_word' id='word_1_347' title='bbox 2791 5524 2852 5570; x_wconf 85' lang='grc' dir='ltr'>ω,</span> <span class='ocrx_word' id='word_1_348' title='bbox 2897 5509 3121 5555; x_wconf 81' lang='lat' dir='ltr'>Lacaena</span> <span class='ocrx_word' id='word_1_349' title='bbox 3160 5506 3274 5554; x_wconf 81' lang='lat' dir='ltr'>Par.</span> 
     </span>
    </p>

    <p class='ocr_par' dir='ltr' id='par_1_18' title="bbox 728 5592 3987 5813">
     <span class='ocr_line' id='line_1_46' title="bbox 898 5592 3987 5656; baseline 0.001 -17"><span class='ocrx_word' id='word_1_350' title='bbox 898 5593 1113 5641; x_wconf 83' lang='lat' dir='ltr'><strong>XXIIII.</strong></span> <span class='ocrx_word' id='word_1_351' title='bbox 1192 5593 1250 5640; x_wconf 91' lang='lat' dir='ltr'>In</span> <span class='ocrx_word' id='word_1_352' title='bbox 1295 5594 1590 5653; x_wconf 82' lang='lat' dir='ltr'>degenerem</span> <span class='ocrx_word' id='word_1_353' title='bbox 1641 5594 1853 5641; x_wconf 76' lang='lat' dir='ltr'>diuitem</span> <span class='ocrx_word' id='word_1_354' title='bbox 1903 5594 2072 5641; x_wconf 87' lang='lat' dir='ltr'>mecho</span> <span class='ocrx_word' id='word_1_355' title='bbox 2121 5596 2347 5654; x_wconf 70' lang='lat' dir='ltr'>genitum</span> <span class='ocrx_word' id='word_1_356' title='bbox 2391 5594 2465 5656; x_wconf 80' lang='lat' dir='ltr'>M,</span> <span class='ocrx_word' id='word_1_357' title='bbox 2519 5596 2578 5641; x_wconf 90' lang='lat' dir='ltr'>In</span> <span class='ocrx_word' id='word_1_358' title='bbox 2627 5594 2842 5640; x_wconf 82' lang='lat' dir='ltr'>diuitem</span> <span class='ocrx_word' id='word_1_359' title='bbox 2893 5593 3190 5652; x_wconf 78' lang='lat' dir='ltr'>degenerem</span> <span class='ocrx_word' id='word_1_360' title='bbox 3240 5595 3465 5653; x_wconf 86' lang='lat' dir='ltr'>genitum</span> <span class='ocrx_word' id='word_1_361' title='bbox 3514 5593 3715 5640; x_wconf 86' lang='lat' dir='ltr'>moecho</span> <span class='ocrx_word' id='word_1_362' title='bbox 3773 5592 3987 5649; x_wconf 80' lang='lat' dir='ltr'>(moecho</span> 
     </span>
     <span class='ocr_line' id='line_1_47' title="bbox 730 5678 3986 5744; baseline -0 -18"><span class='ocrx_word' id='word_1_363' title='bbox 730 5692 842 5738; x_wconf 83' lang='lat' dir='ltr'>gen.</span> <span class='ocrx_word' id='word_1_364' title='bbox 892 5679 944 5737; x_wconf 78' lang='grc' dir='ltr'>Ε)</span> <span class='ocrx_word' id='word_1_365' title='bbox 986 5679 1083 5744; x_wconf 83' lang='grc' dir='ltr'>χΕ,</span> <span class='ocrx_word' id='word_1_366' title='bbox 1125 5679 1323 5726; x_wconf 77' lang='lat' dir='ltr'>nullum</span> <span class='ocrx_word' id='word_1_367' title='bbox 1361 5679 1541 5728; x_wconf 79' lang='lat' dir='ltr'>lemma</span> <span class='ocrx_word' id='word_1_368' title='bbox 1582 5680 1637 5742; x_wconf 89' lang='grc' dir='ltr'>Τ,</span> <span class='ocrx_word' id='word_1_369' title='bbox 1681 5681 1740 5727; x_wconf 89' lang='lat' dir='ltr'>In</span> <span class='ocrx_word' id='word_1_370' title='bbox 1779 5682 1989 5727; x_wconf 82' lang='lat' dir='ltr'>divitem</span> <span class='ocrx_word' id='word_1_371' title='bbox 2027 5681 2277 5741; x_wconf 85' lang='lat' dir='ltr'>quendam</span> <span class='ocrx_word' id='word_1_372' title='bbox 2315 5681 2450 5729; x_wconf 83' lang='lat' dir='ltr'>Scal.</span> <span class='ocrx_word' id='word_1_373' title='bbox 2492 5682 2632 5738; x_wconf 72' lang='lat' dir='ltr'>volqo</span> <span class='ocrx_word' id='word_1_374' title='bbox 2845 5678 2861 5726; x_wconf 95' lang='grc'>1</span> <span class='ocrx_word' id='word_1_375' title='bbox 2911 5685 3045 5727; x_wconf 80' lang='lat' dir='ltr'>statu</span> <span class='ocrx_word' id='word_1_376' title='bbox 3091 5680 3130 5725; x_wconf 91' lang='grc' dir='ltr'><strong><em>Τ</em></strong></span> <span class='ocrx_word' id='word_1_377' title='bbox 3339 5680 3368 5727; x_wconf 90' lang='grc'><strong>3</strong></span> <span class='ocrx_word' id='word_1_378' title='bbox 3408 5680 3631 5739; x_wconf 77' lang='lat' dir='ltr'>uigentis</span> <span class='ocrx_word' id='word_1_379' title='bbox 3668 5681 3735 5741; x_wconf 84' lang='lat' dir='ltr'>lv,</span> <span class='ocrx_word' id='word_1_380' title='bbox 3777 5682 3986 5740; x_wconf 81' lang='lat' dir='ltr'>rigentis</span> 
     </span>
     <span class='ocr_line' id='line_1_48' title="bbox 728 5764 1415 5813; baseline -0.001 -2"><span class='ocrx_word' id='word_1_381' title='bbox 728 5769 818 5812; x_wconf 77' lang='lat' dir='ltr'>cet.</span> <span class='ocrx_word' id='word_1_382' title='bbox 1030 5765 1062 5813; x_wconf 82' lang='lat'>4</span> <span class='ocrx_word' id='word_1_383' title='bbox 1102 5771 1318 5813; x_wconf 78' lang='lat' dir='ltr'>scemata</span> <span class='ocrx_word' id='word_1_384' title='bbox 1359 5764 1415 5811; x_wconf 82' lang='lat' dir='ltr'><strong>M</strong></span> 
     </span>
    </p>
   </div>
  </div>
 </body>
</html>
