4630 6435
700 433 776 490 16
2172 426 2478 482 AVSONII

1362 616 1531 681 festa
1574 616 1766 697 haec,
1818 615 2096 697 navigiis
2139 623 2254 680 aut
2297 635 2465 696 quae
2510 614 2837 679 celebrata
2881 613 3252 696 quadrigis,

1537 719 1810 801 iungunt
1853 719 2173 782 Romanos
2220 716 2655 799 finitimosque
2701 716 2941 781 duces?

1363 821 1639 887 adiciam
1689 822 1898 886 cultus
1943 820 2413 905 peregrinaque
2459 840 2645 885 sacra
2691 819 2986 900 deorum,
3076 853 3089 864 -

1534 925 1814 989 natalem
1861 924 2250 989 Herculeum
2298 923 2402 988 vel
2449 923 2605 988 ratis
2650 922 2937 988 Isiacae:

1193 1048 1255 1089 25
1360 1047 1480 1093 nec
1522 1048 1648 1092 non
1693 1027 1921 1091 lascivi
1965 1027 2249 1091 Floralia
2294 1027 2470 1091 laeta
2514 1025 2782 1103 theatri,

1532 1150 1698 1212 quae
1745 1136 2034 1214 spectare
2081 1130 2338 1211 volunt,
2391 1129 2501 1213 qui
2548 1129 2832 1194 voluisse
2878 1136 3137 1213 negant.

1361 1254 1527 1299 nunc
1574 1233 1769 1299 etiam
1815 1239 2066 1298 veteres
2113 1233 2520 1299 celebrantur
2563 1232 2863 1316 Equirria
2907 1231 3075 1297 ludi:

1534 1336 1742 1421 prima
1784 1337 1947 1402 haec
1992 1337 2318 1401 Romanus
2363 1335 2622 1401 nomina
2667 1335 2873 1401 circus
2921 1336 3135 1401 habet.

1362 1449 1425 1506 et
1470 1440 1893 1524 Dionysiacos
1939 1439 2124 1504 Latio
2168 1440 2544 1528 cognom-ine
2590 1438 2776 1505 ludos

1194 1567 1254 1606 30
1536 1545 1740 1608 Roma
1783 1542 1967 1624 colit,
2022 1543 2242 1624 Liber,
2297 1563 2464 1626 quae
2511 1542 2627 1610 tibi
2670 1549 2823 1607 vota
2867 1541 3059 1607 dicat.

1361 1647 1610 1713 aediles
1656 1646 1850 1711 ctiam
1895 1645 2071 1730 plebi
2115 1645 2492 1729 aedilesque
2539 1647 2792 1712 curules

1535 1771 1723 1815 sacra
1766 1748 2123 1833 sigillorum
2167 1750 2422 1815 nomine
2470 1749 2644 1815 dicta
2688 1750 2926 1815 colunt.

1364 1861 1427 1919 et
1470 1853 1864 1937 gladiatores
1910 1852 2208 1918 funebria
2252 1852 2502 1937 proelia
2545 1860 2767 1918 notum

1538 1959 1907 2023 decertasse
1953 1956 2126 2020 foro:
2177 1977 2347 2021 nunc
2391 1956 2514 2021 sibi
2559 1957 2804 2021 harena
2848 1976 2997 2020 suos

1195 2083 1255 2120 35
1363 2060 1682 2139 vindicat,
1738 2066 2022 2125 extremo
2069 2059 2178 2142 qui
2224 2059 2352 2124 iam
2399 2061 2517 2125 sub
2564 2061 2690 2125 fine
2736 2059 3110 2125 Decembris

1535 2163 1913 2247 falcigerum
1959 2164 2220 2248 placant
2265 2163 2582 2246 sanguine
2628 2162 3070 2246 Caeligenain.

700 2644 809 2711 17.
885 2644 1188 2722 QVINTI
1233 2644 1684 2712 CICERONIS
1730 2643 1822 2709 HI
1867 2645 2189 2711 VERSVS
2236 2644 2347 2711 EO
2394 2645 2910 2724 PERTINENT,
2967 2647 3079 2711 VT
3125 2645 3356 2723 QVOD
3405 2643 3735 2709 SIGNVM
3779 2644 3950 2722 QVO

694 2783 1098 2849 TEMPORE
1142 2784 1566 2849 INLVSTRE
1611 2783 1778 2865 SIT,
1849 2784 2370 2849 NOVERIMVS.
2466 2783 2698 2861 QVOD
2744 2783 3151 2848 SVPERIVS
3196 2782 3541 2860 QVOQVE
3588 2781 3951 2848 NOSTRIS

1829 2921 2242 2987 VERSIBVS
2289 2920 2809 2986 EXPEDITVR.

1363 3127 1664 3191 Flumina
1706 3147 1906 3191 verna
1949 3125 2120 3192 cient
2162 3128 2430 3193 obscuro
2478 3127 2718 3193 lumine
2762 3128 2982 3193 Pisces
3847 3146 3948 3192 :⁵83

1367 3230 1874 3313 curriculumque
1919 3230 2106 3296 Aries
2152 3237 2388 3315 aequat
2431 3232 2762 3314 noctisque
2809 3232 3093 3315 dieique‚
3856 3233 3942 3290 (V)

1366 3353 1605 3398 cornua
1649 3354 1838 3416 quem
1886 3334 2164 3400 condunt
2209 3333 2431 3399 florum
2477 3335 2860 3417 praenuntia
2904 3335 3123 3400 Tauri.

1366 3437 1675 3518 aridaque
1721 3437 1990 3503 aestatis
2038 3437 2296 3503 Gemini
2341 3437 2690 3522 primordia
2732 3437 3023 3524 pandunt

1233 3563 1259 3599 ε,
1365 3541 1688 3623 longaque
1732 3540 1864 3605 iam
1910 3540 2138 3606 minuit
2184 3541 2556 3624 praeclarus
2603 3541 2848 3607 lumina
2894 3542 3142 3606 Cancer

1365 3643 1869 3727 languificosque
1915 3644 2045 3709 Leo
2091 3643 2322 3728 proflat
2365 3644 2541 3709 ferus
2587 3664 2693 3709 ore
2747 3646 3016 3709 calores,

1367 3754 1512 3831 post
1555 3746 1836 3812 modium
1881 3747 2181 3829 quatiens
2229 3746 2425 3830 Virgo
2472 3747 2656 3830 fugat
2698 3754 2837 3812 orta
2881 3767 3204 3831 vaporem.

1366 3850 1658 3915 autumni
1702 3857 1945 3915 reserat
1991 3858 2208 3934 portas
2254 3857 2617 3934 aequatque
2664 3850 2893 3915 diurna

1366 3959 1656 4037 tempora
1699 3956 2025 4018 nocturnis
2073 3953 2376 4037 dispenso
2423 3954 2637 4019 sidere
2683 3954 2899 4019 Libra.

1205 4076 1257 4114 ¹0
1367 4056 1608 4122 ecfetos
1652 4076 1863 4121 ramos
1910 4055 2197 4121 denudat
2240 4055 2503 4121 flamma
2547 4058 2778 4141 Nepai.

1367 4159 1554 4243 pigra
1599 4158 2062 4244 Sagittipotens
2106 4159 2427 4225 iaculatur
2470 4159 2713 4243 frigora
2755 4160 2964 4225 terris.

1368 4262 1596 4327 bruma
1640 4263 1790 4345 gelu
1835 4262 2129 4345 glacians
2173 4262 2362 4328 iubar
2407 4271 2507 4329 est
2553 4264 2804 4349 spirans
2849 4263 3254 4350 Capricorni,

1365 4386 1557 4448 quam
1606 4366 1895 4447 sequitur
1936 4365 2211 4430 nebulas
2257 4385 2481 4431 rorans
2526 4366 2735 4450 liquor
2778 4367 2950 4432 altus
2996 4366 3260 4447 Aquari.

1366 4475 1546 4533 tanta
1591 4488 1785 4552 supra
1830 4468 2123 4551 circaque
2168 4469 2392 4552 vigent
2435 4471 2617 4549 ÷umi
2667 4470 2911 4535 lumina
2953 4470 3195 4534 mundi.

1201 4592 1259 4630 ιε’»
1367 4579 1435 4637 at
1478 4572 1707 4637 dextra
1751 4573 2064 4655 laevaque
2112 4573 2236 4637 ciet
2280 4581 2419 4637 rota
2465 4572 2717 4655 fulgida
2762 4573 2932 4637 Solis

1368 4675 1604 4740 mobile
1650 4675 2031 4740 curriculum
2079 4683 2143 4741 et
2189 4676 2411 4741 Lunae
2458 4675 2802 4741 simulacra
2846 4676 3154 4742 feruntur.

872 5037 935 5086 24
974 5040 1136 5087 sime
1181 5039 1221 5086 ν
1251 5052 1374 5085 corr.
1417 5037 1583 5097 Luyd.
1834 5039 1898 5087 25
1936 5015 2112 5089 theatri
2157 5040 2197 5085 V
2233 5040 2281 5101 (h
2320 5038 2410 5100 m2)
2661 5038 2726 5087 29
2764 5040 3060 5087 dionisiacos
3106 5041 3144 5087 v
3370 5039 3437 5088 30
3474 5042 3570 5088 sibi
3619 5040 3672 5100 ν,
3717 5040 3809 5087 tibi
3845 5052 3950 5100 eqo,

701 5125 957 5172 Heia-§ium
994 5128 1078 5187 qui
1112 5128 1225 5187 quis
1262 5126 1354 5173 tibi
1394 5133 1506 5173 vota
1541 5125 1711 5172 dicant
1745 5128 2005 5184 scripserat
2040 5130 2236 5174 secutus
2448 5125 2504 5173 :31
2551 5126 2727 5173 aedilis
2763 5128 2915 5173 etiam
2950 5127 3088 5187 pleui
3136 5126 3175 5171 V
3201 5126 3248 5187 (b
3271 5124 3362 5187 m2)
3577 5127 3762 5188 plebeii
3800 5126 3953 5173 etlam

707 5211 811 5261 Vin.
853 5211 995 5269 volyo
1204 5212 1268 5260 33
1306 5213 1466 5275 prelia
1509 5212 1551 5258 V
1756 5209 1821 5259 34
1859 5188 2039 5259 harena
2085 5213 2125 5258 V
2163 5212 2210 5269 (h
2244 5209 2332 5271 m2)
2552 5210 2617 5260 36
2655 5214 2951 5272 sangninem
3003 5212 3042 5258 V
3078 5212 3143 5273 (m
3181 5211 3273 5261 del.
3319 5209 3411 5273 m2)

874 5294 975 5348 17.
1045 5298 1114 5356 cf.
1148 5299 1290 5348 Riese
1313 5301 1376 5348 A.
1411 5299 1472 5347 L.
1502 5298 1604 5345 642
1636 5299 1814 5346 lemma
1841 5300 1895 5345 in
1926 5297 1968 5344 V
2179 5298 2195 5346 1
2243 5299 2449 5346 flamina
2498 5298 2759 5359 Wakefield
2968 5297 2999 5346 2
3040 5297 3210 5360 diique
3249 5298 3412 5357 Luyd.
3454 5300 3595 5358 volyo
3804 5298 3833 5346 3
3872 5311 3956 5345 co-

701 5390 845 5431 munt
890 5384 947 5445 V,
985 5386 1207 5432 condunt
1244 5384 1373 5434 Scal.
1673 5384 1704 5432 6
1741 5373 2048 5445 laguiflcvsffi
2100 5383 2139 5429 V
2171 5396 2296 5432 corr.
2343 5383 2572 5431 Pithoeus
2862 5385 2889 5431 7
2928 5373 3174 5431 modieum
3221 5385 3263 5430 V
3295 5386 3335 5443 (c
3371 5381 3479 5447 5112),
3529 5384 3775 5432 modicum
3811 5385 3956 5445 votyo

705 5469 766 5518 10
803 5476 856 5517 et
892 5471 1017 5518 fetos
1062 5471 1117 5530 Υ,
1160 5472 1335 5518 effetos
1372 5470 1613 5533 Pithoeus,
1656 5471 1842 5518 ecfetos
1880 5470 2019 5517 Riese
2267 5470 2478 5518 dinudat
2522 5471 2560 5515 V
2815 5470 2869 5519 ll
2912 5472 3083 5533 pigra*
3132 5471 3171 5516 V
3424 5469 3483 5517 12
3522 5471 3695 5517 iubare
3732 5470 3958 5529 exspirat

700 5557 859 5603 Ianus
896 5556 1176 5617 Helvch'ua,
1239 5558 1408 5604 iubare
1444 5559 1641 5619 spirans
1678 5557 1846 5617 Sem„
1906 5557 2080 5603 iubare
2118 5558 2275 5617 spirat
2309 5557 2481 5616 vomo,
2537 5556 2745 5615 sortasse
2794 5559 2963 5604 iubare
3016 5561 3053 5604 it
3104 5559 3298 5617 spirans
3577 5557 3870 5616 capricornii
3919 5556 3961 5603 V

705 5642 764 5690 13
804 5656 950 5703 quern
992 5644 1227 5691 Heinsius
1454 5645 1575 5691 lic-or
1623 5644 1687 5705 V3
1725 5648 1834 5703 post
1871 5642 1999 5689 hunc
2035 5656 2229 5690 versum
2265 5644 2495 5689 excidisse
2532 5643 2773 5704 quaedam
2810 5646 2997 5690 conicio
3230 5641 3287 5689 14
3327 5643 3503 5701 uigent
3540 5645 3642 5689 umi
3690 5642 3737 5700 V,
3781 5643 3957 5700 vigent

698 5730 787 5777 ubi
825 5728 956 5777 scal.
999 5731 1157 5789 volyo,
1204 5736 1444 5787 urgentur
1480 5730 1739 5778 Buecheler
1947 5729 2154 5774 flumina
2204 5729 2255 5789 V,
2299 5730 2494 5775 lumina
2534 5729 2797 5775 Buecheler
3007 5728 3069 5777 15
3106 5729 3164 5775 ad
3202 5728 3262 5775 de
3278 5734 3414 5777 Atera
3460 5728 3501 5773 V
3533 5742 3654 5774 corr.
3700 5728 3861 5787 [αφά.
