4630 6435
1718 415 2183 472 EGLOGARVM
2224 418 2449 473 LIBER
2487 418 2592 481 (V).
3711 424 3786 483 15

1514 792 1627 858 14.
1686 794 1801 860 DE
1844 796 2382 863 AVCTORIBVS
2426 796 2812 863 AGONVM.

1205 966 1456 1031 Primus
1502 967 1920 1052 Olympiacae
1966 969 2247 1033 sacravit
2293 968 2461 1034 festa
2504 990 2775 1034 coronae
3693 989 3792 1037 :388

1205 1070 1490 1154 Iuppiter
1534 1070 1757 1153 Argivi
1806 1071 2019 1137 stadia
2063 1071 2147 1136 ad
2192 1071 2573 1154 longissima
2616 1073 2789 1137 circi.
3697 1075 3785 1135 (V)

1207 1173 1535 1256 proximus
1582 1174 1845 1239 Alcides
1890 1175 2174 1239 Nemeac
2222 1176 2502 1240 sacravit
2546 1175 2872 1241 honorem.

1206 1276 1476 1343 Isthmia
1518 1277 1817 1362 Neptuno
1864 1277 2018 1343 data
2062 1286 2209 1344 sunt
2253 1286 2317 1344 et
2361 1279 2596 1363 Pythia
2642 1280 2918 1344 Phoebo.

545 1588 652 1655 15.
697 1588 929 1673 QVOD
970 1586 1185 1651 IDEM
1225 1586 1371 1664 QVI
1411 1587 1661 1653 SACRI
1699 1586 2045 1653 AGONES
2086 1588 2311 1655 SVNT
2351 1589 2463 1654 ET
2501 1582 2950 1653 FVNEBRES
2990 1589 3195 1653 LVDI
3240 1589 3784 1653 HABEANTVR.

1208 1760 1385 1824 Haec
1427 1778 1681 1841 quoque
1728 1760 2122 1845 temporibus
2167 1760 2606 1844 quinquennia
2651 1781 2836 1826 sacra
2880 1760 3178 1826 notandis
3420 1780 3519 1827 :589
3565 1780 3696 1842 (388,
3740 1780 3787 1841 4)

1203 1862 1470 1948 ancipiti
1516 1863 1693 1927 cultu
1740 1863 2029 1928 divorum
2076 1863 2530 1947 hominumque
2576 1864 2890 1949 sepulcri:
3563 1882 3699 1945 (358,
3742 1883 3790 1942 o)

1204 1965 1592 2032 Tantalidae
1637 1966 1860 2051 Pelopi
1907 1975 2222 2033 maestum
2268 1967 2442 2033 dicat
2486 1968 2623 2032 Elis
2670 1968 3010 2048 honorem,
3703 1970 3789 2030 (V)

1207 2069 1575 2134 Archemori
1618 2070 1947 2135 Nemeaea
1993 2071 2208 2135 colunt
2249 2070 2688 2152 quinquennia
2732 2071 3036 2145 Thebae,

1074 2195 1099 2233 ⁵
1205 2173 1474 2237 Isthmia
1518 2172 1821 2238 defuncto
1867 2174 2193 2239 celebrata
2236 2174 2624 2238 Palaemone
2670 2180 2886 2238 notum
2918 2222 2932 2249 ,

1206 2275 1440 2359 Pythia
1482 2276 1800 2360 placando
1845 2275 2083 2360 Delphi
2129 2284 2412 2343 statuere
2459 2276 2742 2341 draconi.

1639 2586 1752 2654 16.
1799 2587 1915 2651 DE
1960 2588 2242 2652 FERIIS
2288 2587 2693 2654 ROMANIS.

1212 2759 1397 2824 Nunc
1440 2767 1505 2824 et
1548 2758 1923 2844 Apollineos
1969 2759 2276 2824 Tiberina
2321 2780 2437 2844 per
2482 2760 2648 2825 ostia
2692 2758 2880 2824 ludos
3699 2778 3798 2827 385

1381 2869 1447 2926 et
1489 2861 1965 2945 Megalesiacae
2011 2862 2232 2926 matris
2278 2870 2502 2947 operta
2545 2863 2771 2946 loquar
3703 2866 3795 2927 (V)

1213 2965 1613 3047 Vulcanique
1659 2965 1831 3045 dies,
1886 2965 2175 3030 autumni
2220 2964 2492 3030 exordia
2535 2964 2758 3049 primi,

1384 3068 1945 3153 Quinquatrusque
1991 3067 2156 3133 deae
2202 3068 2507 3141 Pallados
2553 3068 2891 3154 expediam

1078 3196 1104 3234 r,
1211 3179 1275 3238 et
1318 3172 1567 3238 medias
1609 3170 1756 3237 idus
1806 3170 1938 3236 Mai
1982 3171 2385 3256 Augustique
2432 3191 2719 3253 recursu,

1382 3296 1543 3358 quas
1589 3275 1713 3342 sibi
1757 3274 2110 3341 Mercurius
2153 3295 2444 3359 quasque
2491 3276 2703 3341 Diana
2748 3275 2956 3341 dicat:

1209 3387 1535 3445 matronae
1582 3399 1748 3461 quae
1795 3398 1979 3444 sacra
2023 3379 2237 3444 colant
2282 3399 2394 3462 pro
2441 3378 2635 3444 laude
2683 3379 2997 3460 virorum,

1381 3481 1685 3547 Mavortis
1732 3481 1919 3565 primi
1967 3500 2109 3545 cum
2156 3479 2405 3546 rediere
2451 3480 2609 3547 dies.

1210 3586 1377 3651 festa
1423 3585 1786 3670 Caprotinis
1830 3584 2197 3649 memorabo
2243 3584 2529 3649 celebria
2571 3585 2796 3661 nonis,

1048 3710 1104 3749 ιο
1385 3709 1525 3754 cum
1573 3689 1739 3753 stola
1783 3686 2087 3753 matronis
2134 3687 2397 3772 dempta
2441 3688 2602 3771 tegit
2644 3688 2954 3753 famulas:

1211 3799 1510 3874 quattuor
1550 3792 1669 3857 illa
1711 3791 1904 3857 etiam
1950 3789 2246 3855 discretis
2292 3790 2587 3874 partibus
2633 3791 2785 3856 anni

1384 3895 1660 3961 solstitia
1702 3901 1767 3960 et
1809 3895 1987 3959 luces
2033 3900 2215 3958 nocte
2263 3891 2498 3976 dieque
2545 3915 2754 3980 pares,

1211 4020 1330 4066 nec
1373 3999 1784 4083 Regifugium
1832 3998 2039 4083 pulsis
2086 4017 2167 4062 ex
2211 3997 2370 4063 urbe
2414 3998 2706 4083 tyrannis

1382 4104 1622 4168 laetum
1668 4101 1975 4166 Romanis
2020 4101 2122 4165 fas
2169 4100 2434 4166 reticere
2481 4100 2674 4168 diem.

1046 4228 1105 4266 ιε»
1212 4206 1394 4272 visne
1441 4206 1599 4290 Opis
1644 4212 1795 4270 ante
1841 4224 2094 4270 sacrum
2140 4205 2243 4269 vel
2292 4204 2665 4270 Saturnalia
2709 4205 2920 4270 dicam

1382 4309 1676 4392 festaque
1722 4328 2082 4389 servorum,
2139 4328 2283 4373 cum
2332 4307 2727 4375 famulantur
2772 4309 2897 4389 eri,

1211 4419 1276 4478 et
1318 4432 1664 4494 numquam
1710 4411 1902 4478 certis
1948 4410 2288 4476 redeuntia
2334 4411 2504 4476 festa
2549 4411 2806 4492 diebuS‚

1384 4515 1662 4599 compita
1706 4535 1821 4599 per
1863 4514 2040 4579 vicos
2086 4534 2229 4579 cum
2276 4534 2398 4579 sua
2441 4513 2714 4597 quisque
2761 4514 2946 4594 colit,

1211 4626 1326 4684 aut
1370 4618 1694 4702 duplicem
1741 4618 2019 4700 cultum,
2072 4636 2263 4699 quem
2308 4616 2706 4700 Neptunalia
2752 4616 2971 4682 dicunt

1044 4741 1105 4782 πο
1240 4713 1245 4720 ’
1385 4728 1449 4786 et
1492 4742 1681 4805 quem
1730 4721 1810 4786 de
1857 4721 2065 4786 Conso
2111 4719 2523 4804 consiliisque
2570 4727 2844 4785 vocant?

720 5033 819 5089 14.
898 5037 915 5085 1
961 5037 1268 5097 olympi-*cae
1312 5035 1352 5082 V
1389 5035 1435 5095 (y
1470 5049 1529 5081 ex
1566 5035 1600 5095 i)
1816 5035 1847 5083 3
1885 5014 2121 5081 nemeaea
2165 5034 2205 5079 V
2241 5014 2314 5094 (eft
2351 5047 2419 5081 (m
2455 5013 2513 5081 σέ
2547 5035 2802 5095 incertum)
2842 5049 2960 5083 corr.
2995 5032 3155 5093 Luqd.
3365 5039 3474 5093 pont
3509 5049 3554 5082 v.
3596 5035 3630 5081 3
3667 5036 3722 5082 ἱη
3764 5034 3803 5079 V

544 5128 723 5185 lequun-
756 5126 991 5171 carmim's
1027 5125 1269 5183 sequentia
1304 5138 1351 5170 v.
1401 5126 1446 5182 1,
1490 5137 1630 5183 qtoem
1665 5135 1755 5168 suo
1790 5123 1983 5181 reposui
2018 5123 2125 5168 Loco
2369 5118 2401 5166 4
2437 5120 2667 5167 isthimia
2714 5120 2750 5166 V
2989 5119 3148 5181 pithia
3185 5119 3375 5178 phaebo
3422 5119 3462 5166 V
3685 5123 3796 5180 post

544 5227 593 5259 v.
634 5214 664 5258 4
701 5212 881 5269 lavitur-
914 5211 1151 5256 caminis
1186 5210 1429 5269 seq-uenus
1465 5223 1512 5255 v.
1557 5209 1604 5268 9,
1647 5222 1789 5269 quem
1825 5209 1880 5255 in
1917 5208 2061 5254 illum
2095 5207 2331 5253 transtuli
2365 5207 2531 5253 locum

718 5290 817 5345 15.
889 5296 1100 5344 funebre
1145 5294 1185 5341 V
1451 5293 1470 5341 1
1512 5298 1558 5341 ει
1594 5292 1623 5340 2
1661 5291 1731 5351 cf.
1773 5307 1973 5340 cannen
2008 5292 2139 5353 quod
2173 5292 2417 5341 antecedit
2692 5292 2708 5340 1
2753 5292 3064 5354 quinque-nin
3109 5291 3149 5336 V
3406 5289 3437 5338 2
3473 5291 3686 5351 sepultis
3737 5291 3789 5350 V,

544 5384 757 5445 sepulcri
795 5396 881 5443 epo
1113 5381 1143 5428 3
1182 5381 1310 5428 belis
1355 5381 1396 5427 V
1623 5378 1655 5426 4
1692 5379 1925 5427 arcemorl
1962 5392 2170 5427 nemeae
2215 5379 2256 5425 V
2283 5392 2411 5427 corr.
2454 5379 2589 5426 Scal.
2839 5378 2869 5427 5
2907 5379 3131 5426 isthimla
3176 5377 3217 5423 V
3456 5377 3488 5424 6
3526 5378 3649 5437 pitin
3695 5377 3732 5423 V

544 5470 660 5516 delfi
706 5469 747 5515 V
2817 5527 2825 5536 ²

718 5551 818 5605 16.
890 5554 1009 5602 seris
1052 5553 1094 5600 V
1298 5554 1327 5601 5
1367 5555 1487 5601 maii
1527 5556 1564 5614 (i
1598 5568 1674 5613 pr.
1716 5554 1937 5611 tanqum)
1981 5543 2205 5612 agustiq⁵
2252 5551 2292 5597 V
2515 5551 2547 5598 9
2584 5540 2876 5613 caprotin'is
2923 5551 2961 5596 V
2995 5552 3023 5610 (i
3061 5546 3148 5609 ⁷712)
3383 5546 3444 5594 10
3479 5548 3647 5595 demta
3692 5549 3732 5594 V

545 5648 682 5700 teget
727 5642 764 5687 V
794 5641 954 5700 υοιμο,
995 5642 1120 5698 tegit
1159 5640 1397 5688 Heinsius
1647 5639 1697 5687 ΙΙ
1741 5646 1954 5699 quatuor
2000 5638 2039 5683 V
2278 5639 2424 5684 annis
2470 5638 2524 5698 V,
2565 5639 2684 5685 anni
2727 5637 2885 5696 Luyd.
3160 5635 3218 5682 15
3255 5647 3374 5694 opes
3421 5633 3472 5690 V,
3513 5635 3636 5693 Opis
3684 5634 3788 5681 Vin.

551 5728 612 5777 16
648 5727 753 5775 heri
798 5727 837 5773 V
1047 5724 1107 5772 19
1143 5726 1428 5786 dupplicem
1481 5725 1517 5771 V
