4630 6435
1782 327 2169 386 APPENDIX
2214 332 2274 396 (Ι.
2315 330 2786 395 PERIOCHAE).
3785 335 3909 399 235

2154 659 2401 723 XXIII.

830 810 940 877 24.
1473 806 1590 886 Ἳὶς
1637 812 1694 878 οἳ
1740 814 1844 897 μὲν
1892 808 2245 899 στενάχοντο
2291 810 2445 878 κατὰ
2488 809 2714 895 πτόλιν,
2769 810 2955 899 αὐτὰρ
2998 808 3249 899 Ἀχαιοί.
3808 825 3908 875 443

1477 916 1672 982 Troia
1715 923 1904 983 vacat
1948 917 2248 996 lacrimis,
2304 916 2476 982 ludis
2520 917 2765 999 Argiva
2807 917 3134 982 iuventuS.

822 1019 1152 1085 Funebres
1196 1018 1333 1084 ludi
1379 1019 1446 1083 in
1496 1019 1797 1085 honorem
1845 1019 2118 1085 Patrocli
2164 1020 2667 1101 frequentantur,
2723 1019 2953 1102 quibus
2999 1019 3346 1085 Diomedes
3392 1019 3572 1104 equis
3619 1027 3899 1106 superat,

652 1122 827 1187 lucta
873 1128 937 1187 et
981 1142 1168 1188 cursu
1214 1121 1463 1205 VlixeS,
1516 1122 1772 1204 alioque
1817 1121 1931 1187 alii
1974 1142 2211 1205 genere
2260 1122 2627 1188 certationis
2672 1122 2997 1187 antistant.

2131 1362 2415 1426 XXIIII.

820 1515 930 1583 25.
1477 1519 1630 1582 Λῦτο
1678 1514 1732 1580 δ’
1790 1512 1976 1602 ἀγών,
2031 1514 2166 1581 λαοὶ
2212 1517 2277 1581 δὲ
2324 1513 2474 1590 θοὰς
2519 1515 2617 1580 ἐπὶ
2662 1520 2809 1602 νῆας
2858 1518 3118 1581 ἕκαστοι.
3803 1529 3905 1578 444

1471 1620 1754 1703 Quisque
1801 1640 1956 1685 suas
2002 1626 2298 1705 repetunt
2341 1620 2538 1685 misso
2584 1619 2931 1685 certamine
2978 1638 3198 1685 naves.

818 1723 1106 1808 Iuppiter
1162 1723 1500 1790 Thetidem
1562 1723 1754 1789 mittit
1811 1723 1895 1788 ad
1954 1724 2158 1788 filium
2220 1743 2361 1788 cum
2427 1722 2748 1788 mandatis
2811 1722 3161 1804 eiusmodi,
3228 1729 3298 1788 ut
3343 1721 3468 1807 (in)
3532 1721 3902 1789 defunctum

648 1826 897 1891 saevire
956 1825 1224 1893 desistat
1283 1826 1522 1908 fatique
1582 1826 1910 1892 hominum
1959 1826 2084 1911 (in)
2134 1825 2430 1891 exanimo
2490 1825 2671 1890 hoste
2729 1833 3027 1891 vereatur
3070 1825 3159 1890 ad
3204 1827 3597 1910 sepulturam
3645 1846 3904 1911 corpore

579 1951 608 1990 ⁵
646 1926 960 1994 restituto.
1055 1929 1341 1994 eiusdem
1401 1930 1581 1994 iussu
1642 1937 1705 1995 et
1749 1930 1872 1994 Iris
1932 1928 2293 1994 cohortatur
2342 1928 2757 2013 (Priamum),
2829 1935 2899 1992 ut
2958 1949 3112 1994 auro
3172 1928 3374 1994 filium
3420 1929 3735 2014 rependat
3790 1949 3906 1995 ex-

645 2030 953 2096 animum.
1047 2032 1156 2114 qui
1199 2032 1511 2096 Mercurio
1557 2033 1718 2098 duce
1764 2032 1931 2097 inter
1975 2038 2315 2097 nocturnas
2376 2031 2653 2096 hostium
2713 2031 3037 2115 profectus
3099 2031 3404 2098 excubias
3449 2032 3685 2097 Achilli
3746 2053 3906 2118 sup-

644 2133 796 2218 plex
841 2134 1205 2201 advolvitur
1249 2134 1774 2220 redemptumque
1819 2135 2022 2199 filium
2068 2134 2314 2200 iustitio
2361 2133 2617 2219 publico
2663 2141 2727 2200 et
2771 2133 2965 2200 deflet
3011 2139 3077 2200 et
3124 2134 3377 2219 sepelit.

1780 2337 2267 2458 PERIOCHAE
2318 2392 2759 2458 ODYSSIAE.

2243 2547 2291 2611 1.

817 2699 927 2767 26.
1461 2693 1677 2786 Ἄνδρα
1726 2726 1827 2785 μοι
1872 2700 2094 2779 ἔννεπε,
2152 2698 2393 2780 Μοῦσα,
2446 2695 2834 2786 πολύτροπον,
2883 2693 2953 2772 ὃς
3001 2695 3166 2785 μάλα
3209 2695 3425 2767 πολλά.
3803 2712 3904 2762 445

1469 2803 1588 2869 Dic
1635 2802 1814 2886 mihi,
1868 2804 2074 2886 Musa,
2127 2802 2355 2886 virum,
2410 2808 2636 2887 captae
2682 2810 2827 2888 post
2871 2803 3127 2869 moenia
3173 2804 3404 2869 Troiae

1468 2907 1579 2990 qui
1624 2927 1838 2972 mores
1885 2905 2210 2971 hominum
2256 2907 2597 2971 multorum
2643 2905 2805 2972 vidit
2849 2913 2912 2971 et
2957 2906 3174 2971 urbes.

816 3008 1104 3075 Minerva
1146 3009 1212 3074 in
1257 3008 1545 3075 Ithacam
1591 3010 1742 3075 Iove
1788 3010 1880 3076 ita
1924 3010 2179 3075 volente
2224 3009 2561 3076 descendit
2602 3009 2964 3091 Mentisque
3011 3009 3407 3094 Taphiorum
3467 3009 3649 3075 ducis
3708 3010 3902 3075 sumit

579 3135 606 3174 5
645 3110 946 3195 effigiem,
1001 3132 1273 3178 suasura
1303 3112 1713 3194 Telemacho,
1765 3121 1835 3178 ut
1879 3113 1966 3178 ad
1994 3114 2332 3179 Nestorem
2365 3113 2855 3194 Menelaumque
2901 3111 3181 3193 festinet,
3232 3112 3343 3196 qui
3387 3132 3610 3178 recens
3644 3114 3899 3178 domum

647 3214 927 3298 regressi
972 3215 1125 3282 certi
1169 3214 1414 3300 aliquid
1463 3215 1544 3282 de
1591 3216 1779 3283 Vlixe
1824 3217 2179 3282 novissent.
2277 3224 2428 3283 tunc
2490 3224 2554 3282 et
2605 3215 2908 3282 Phemius
2972 3215 3302 3282 citharista
3359 3215 3688 3282 adhibitus
3748 3237 3903 3282 con-

644 3317 814 3382 vivio
859 3338 1189 3404 procorum
1233 3319 1490 3384 inchoat
1532 3318 1812 3385 flebilem
1859 3319 2243 3384 cantilenam
2288 3318 2725 3401 navigationis
2769 3319 3202 3404 inprosperae,
3256 3339 3421 3402 quae
3467 3318 3783 3404 profectos
3814 3320 3897 3384 ah

645 3421 764 3487 Ilio
811 3421 1091 3487 Graecos
1154 3421 1427 3487 diversis
1485 3422 1721 3507 sparsit
1776 3422 2025 3504 exiliiS,
2094 3412 2652 3507 quem'Penelope
2710 3421 3021 3505 degressa
3068 3421 3454 3504 chalcidico,
3523 3429 3902 3505 argumento

643 3530 774 3588 tam
819 3523 1208 3591 miserabilis
1254 3525 1500 3590 offensa
1546 3525 1871 3605 materiae,
1926 3532 1996 3589 ut
2038 3524 2167 3589 alia
2212 3524 2521 3607 concinat,
2576 3524 2970 3589 adhortatur.

2224 3765 2309 3830 ΙΙ.

815 3918 927 3985 27.
1460 3912 1663 4004 Ἦμος
1710 3916 1766 3983 δ’
1820 3915 2124 4005 ἠριγένεια
2169 3916 2331 4005 φάνη
2382 3915 2811 4005 ῥοδοδάκτυλος
2856 3915 3001 4004 ἠώς.
3796 3927 3897 3978 446

1469 4021 1725 4087 Oceano
1771 4023 2091 4089 extulerat
2132 4043 2350 4089 roseos
2395 4023 2642 4087 Aurora
2685 4022 2960 4105 iugales.

815 4125 1245 4191 Telemachus
1289 4124 1689 4191 Ithacensios
1748 4146 2044 4211 proceres
2105 4126 2276 4210 cogit
2321 4126 2407 4192 ad
2453 4126 2693 4191 curiam
2739 4131 2929 4208 atque
2975 4124 3065 4189 ibi
3113 4124 3193 4189 de
3240 4123 3625 4189 contumelia
3671 4122 3897 4187 domus

640 4234 707 4293 et
766 4228 1070 4294 bonorum
1128 4227 1572 4313 profligatione
1632 4236 2013 4313 conquestus
2072 4230 2340 4295 consilia
2392 4227 2802 4313 profectionis
2849 4226 3142 4312 exponit,
3210 4226 3486 4292 Antinoo
3532 4225 3886 4304 resistente,

814 4499 916 4555 24.
993 4505 1012 4554 1
1058 4509 1218 4553 ΑΙΤΑΡ
1255 4505 1300 4552 Ρ
1527 4505 1558 4554 2
1592 4506 1863 4565 lachrymis
1906 4507 1996 4567 Uq.
2231 4507 2262 4555 4
2300 4508 2525 4567 aliosque
2564 4504 2608 4552 P
2648 4504 2760 4566 U9.,
2804 4505 3000 4567 alioque
3046 4504 3154 4552 Vin.
3389 4503 3677 4551 certationis
3715 4514 3897 4562 genere

644 4591 873 4639 Floridus
909 4592 1023 4653 Rip.
1237 4596 1492 4639 antestant
1534 4593 1626 4651 Uo.
1667 4592 1806 4653 volqo

814 4672 914 4727 25.
991 4676 1010 4725 l
1055 4680 1203 4725 ΑΓΟΝ
1247 4675 1291 4723 Ρ
1509 4676 1540 4725 2
1577 4676 1788 4726 redeunt
1836 4678 1926 4739 Uq.
2156 4678 2185 4726 3
2223 4683 2281 4726 ut
2319 4679 2380 4725 ad
2420 4677 2477 4738 P,
2519 4678 2581 4725 ad
2628 4676 2718 4738 Uy.
2948 4677 3002 4723 in
3038 4690 3136 4724 om.
3176 4673 3223 4721 P
3442 4673 3473 4721 4
3512 4669 3727 4739 ratique]
3767 4675 3897 4721 fata-

639 4775 740 4824 que
777 4762 893 4811 Ald.
1173 4764 1230 4811 in
1265 4777 1363 4811 om.
1406 4762 1450 4810 P
1727 4765 1918 4825 fatique
1964 4764 2224 4811 hominum
2275 4764 2566 4812 exanimum
2600 4764 2795 4811 hostem
2829 4777 2922 4809 ms.
2965 4762 3214 4821 Aecus-siu
3267 4759 3335 4821 cf.
3384 4759 3518 4818 Very.
3562 4759 3684 4808 Aen.
3730 4760 3761 4805 I
3794 4761 3893 4807 484

643 4847 673 4895 5
710 4848 811 4906 yris
847 4848 1128 4896 cohartatur
1166 4849 1280 4907 (om.
1321 4849 1584 4911 priamum)
1626 4850 1671 4896 P
1898 4849 2172 4911 rependent
2216 4849 2304 4910 Uy.
2543 4849 2570 4897 7
2608 4849 2809 4897 iusticio
2854 4847 2941 4908 Uy.
3181 4851 3231 4894 et
3266 4845 3400 4894 dolet
3438 4844 3671 4892 Floridue
3708 4844 3821 4906 Bip.

641 4934 840 4996 sepeliit
879 4932 925 4979 P
1181 4928 1399 4984 Finiunt
1431 4936 1610 5003 piocha
1646 4936 1851 4996 yliades.
1917 4936 2104 4998 Incipit
2141 4936 2363 4985 ”socha
2400 4936 2585 4984 odissie
2621 4934 2677 4997 P,
2720 4934 2859 4982 Finit
2894 4933 3132 4981 Periocha
3167 4930 3367 4979 Iliados.
3434 4931 3623 4991 Incipit
3658 4930 3896 4978 Periocha

641 5018 796 5067 Primi
835 5019 969 5066 Libri
1007 5019 1255 5081 Odysseae
1305 5022 1390 5083 Uy.

814 5100 915 5156 28.
992 5105 1008 5154 i
1057 5110 1411 5157 ΟΟΜΑΜΠΟΜΑ
1457 5107 1502 5154 Ρ
1723 5106 1754 5157 2
1793 5112 1838 5154 et
1875 5106 1903 5154 3
1941 5107 2064 5156 Hor.
2109 5107 2262 5168 Epist.
2308 5108 2373 5154 ΙΙ
2404 5107 2454 5169 3,
2498 5110 2592 5154 141
2620 5122 2689 5168 sq.
2905 5103 2936 5152 2
2974 5105 3137 5153 menia
3175 5104 3231 5165 P,
3273 5103 3467 5151 moenia
3514 5102 3625 5163 U9.,
3668 5106 3895 5163 tempora

643 5189 757 5238 Par.
1008 5190 1039 5239 4
1075 5193 1236 5244 ithace
1273 5194 1317 5242 P
1558 5196 1895 5255 mentorisque
1933 5193 1978 5239 P
2018 5193 2126 5254 Uy„
2169 5193 2453 5254 Mentisque
2489 5193 2753 5240 Aee-unius
2984 5190 3272 5250 thapiorum
3312 5186 3356 5234 P
3582 5189 3713 5248 regis
3750 5187 3893 5235 ducis

649 5275 739 5336 159.
954 5282 1162 5330 summit
1193 5281 1282 5345 Uy.
1501 5281 1531 5329 5
1566 5280 1842 5330 thelemaco
1884 5280 2104 5343 (semper)
2147 5279 2191 5327 P
2395 5275 2507 5345 qui]
2544 5280 2587 5327 si
2622 5278 2798 5325 Hartel
3008 5274 3039 5325 6
3076 5281 3127 5325 et
3162 5290 3257 5324 om.
3297 5274 3385 5335 Uy.
3602 5274 3825 5336 phimius
3851 5272 3897 5319 P

645 5360 672 5407 7
710 5363 1000 5425 prochorum
1024 5363 1069 5411 P
1272 5370 1609 5430 improsperae
1653 5366 1737 5427 Uy.
1955 5364 1984 5415 8
2023 5379 2214 5428 sparsos
2260 5366 2350 5426 Uy.
2565 5365 2783 5425 digressa
2819 5363 2863 5409 P
2894 5362 3006 5423 va
3046 5362 3278 5421 degressa
3314 5362 3445 5410 Seni.
3662 5358 3693 5407 9
3730 5360 3891 5407 oflen-

640 5463 746 5497 snm
783 5448 828 5495 P
1025 5455 1280 5512 :donatur
1318 5454 1364 5503 P

813 5529 911 5585 27·
983 5533 1003 5583 ¹
1046 5546 1308 5607 ΗΡΙΓΕΝΙΑ
1349 5540 1398 5589 Ρ
1601 5537 1632 5586 2
1670 5552 1876 5587 occeano
1914 5539 1959 5585 P
2165 5552 2330 5587 roseas
2369 5538 2413 5584 P
2454 5537 2565 5598 U9.,
2614 5550 2775 5585 roseos
2813 5536 3077 5584 decursim
3287 5533 3317 5583 3
3354 5535 3424 5581 ibi
3460 5532 3521 5581 de
3558 5544 3661 5593 ο9ο,
3703 5528 3894 5577 ibidem

646 5619 699 5681 P,
741 5619 920 5667 ibidem
955 5620 1013 5673 de
1063 5638 1146 5714 Uo·
1378 5624 1784 5674 condentumelia
1823 5625 1866 5672 P

3369 5718 3480 5769 30*
