4630 6435
1722 350 2275 409 EPIGRAMMATA
2320 353 2818 419 (XXl—XXVIII)
2835 396 2846 408 .
3788 356 3913 418 203

1200 570 1225 605 5
1332 546 1601 611 Martem
1652 546 2046 627 Remumque
2093 552 2157 609 et
2202 544 2589 610 conditorem
2636 544 2977 609 Romulum

1507 650 1725 733 privos
1772 654 2074 733 parentes
2119 669 2523 734 nuncupans.

1334 754 1449 819 hos
1495 754 1607 819 ille
1654 754 1882 819 Serum
1929 759 2111 819 veste
2157 752 2411 818 contexi
2456 752 2664 834 iubet,

1504 857 1623 923 hos
1670 858 1882 923 caelat
1924 863 2189 940 argento
2236 856 2454 940 gravi,

1334 960 1499 1027 ceris
1542 961 1803 1026 inurens
1848 959 2185 1025 ianuarum
2231 960 2457 1024 limina

1168 1086 1224 1125 10
1505 1071 1570 1129 et
1614 1065 1917 1129 atriorum
1965 1071 2300 1148 pegmata:

1331 1166 1524 1233 credo
1571 1168 1745 1250 quod
1787 1167 1885 1233 illi
1930 1189 2049 1233 nec
2093 1174 2279 1252 pater
2325 1174 2536 1233 certus
2582 1167 2704 1234 fuit

1503 1278 1568 1337 et
1609 1278 1814 1338 mater
1858 1277 1957 1338 est
2000 1291 2150 1337 vere
2196 1272 2372 1356 lupa.

1515 1565 1722 1631 XXV.
1780 1565 2100 1631 VERSVS
2146 1566 2239 1631 IN
2287 1566 2562 1631 VESTE
2609 1566 3071 1632 CONTEXTI.

1333 1739 1585 1805 Laudet
1628 1738 2101 1804 Achaemenias
2147 1738 2412 1805 orientis
2460 1738 2669 1820 gloria
2713 1737 2916 1817 telas,
3855 1756 3920 1805 37

1507 1843 1699 1908 molle
1744 1863 1969 1907 aurum
2016 1843 2241 1927 pallis,
2300 1841 2609 1924 Graecia,
2665 1849 2810 1907 texe
2856 1840 3017 1924 tuis,
3839 1840 3918 1903 (ω)

1337 1967 1463 2011 non
1517 1944 1730 2011 minus
1774 1945 2125 2010 Ausoniam
2173 1946 2454 2010 celebret
2498 1945 2649 2010 dum
2697 1946 2871 2010 fama
2915 1945 3255 2025 Sabinam,

1509 2055 1878 2147 parcentem
1924 2048 2178 2133 magnis
2224 2047 2617 2134 sumptibus,
2668 2055 2806 2114 arte
2852 2068 3093 2133 parem.

2014 2342 2256 2407 XXVI.
2324 2343 2560 2408 ITEM.

1332 2516 1484 2582 Sive
1532 2516 1771 2600 probas
1814 2515 2012 2599 Tyrio
2056 2522 2299 2581 textam
2347 2516 2706 2581 subtemine
2754 2522 3034 2597 vestem,
3858 2532 3924 2585 36

1502 2638 1618 2684 seu
1661 2619 1876 2703 placet
1919 2618 2211 2702 inscripti
2259 2619 2680 2685 commoditas
2727 2618 2933 2701 tituli,
3836 2619 3918 2682 (ω)

1329 2723 1536 2809 ipsius
1580 2723 1702 2788 hoc
1746 2722 2045 2788 dominae
2091 2723 2428 2788 concinnat
2470 2729 2808 2804 utrumque
2856 2730 3197 2789 venustas:

1504 2826 1623 2892 has
1667 2826 1964 2910 geminas
2009 2833 2183 2892 artes
2228 2847 2359 2892 una
2405 2826 2650 2892 Sabina
2693 2825 2869 2892 colit.

2005 3121 2278 3187 XXVII.
2340 3122 2575 3187 ITEM.

1334 3295 1513 3360 Licia
1557 3295 1664 3378 qui
1711 3300 1937 3359 texunt
1981 3302 2046 3360 et
2090 3294 2408 3376 carmina,
2464 3295 2751 3360 carmina
2794 3295 3023 3372 Musis,
3859 3313 3925 3362 38

1510 3398 1660 3462 licia
1707 3397 2152 3476 contribuunt,
2206 3404 2387 3462 casta
2431 3399 2754 3478 Minerva,
2807 3399 2944 3463 tibi.
3841 3401 3917 3461 (ω)

1338 3509 1439 3566 ast
1485 3522 1606 3584 ego
1653 3521 1786 3566 rem
1836 3499 2075 3565 sociam
2121 3521 2247 3565 non
2294 3500 2656 3566 dissociabo
2703 3501 2975 3584 Sabina,

1510 3604 1803 3670 versibus
1846 3603 2146 3688 inscripsi
2192 3624 2359 3686 quae
2406 3625 2553 3670 mea
2596 3611 2774 3670 texta
2819 3606 3002 3670 meiS.

1242 3898 1553 3963 XXVIII.
1612 3897 2192 3963 ANTISTHENIS
2240 3898 2535 3964 CYNICI
2581 3897 2929 3963 IMAGINI
2974 3899 3343 3965 SVBDITI.

1336 4071 1639 4135 Inventor
1681 4070 1924 4154 primus
1971 4069 2229 4156 cynices
2275 4089 2419 4152 ego.
2523 4073 2724 4153 ‘quae
2770 4069 2932 4136 ratio
2976 4070 3227 4136 istaec?
3859 4091 3922 4139 27

1516 4173 1780 4239 Alcides
1824 4174 2026 4238 multo
2073 4173 2304 4239 dicitur
2349 4191 2493 4238 esse
2540 4173 2765 4258 prior’.
3835 4177 3917 4238 (ω)

1338 4276 1569 4341 Alcida
1613 4276 1938 4359 quondam
1983 4277 2230 4342 fueram
2276 4276 2532 4342 doctore
2579 4277 2932 4342 secundus:

1518 4400 1686 4445 nunc
1729 4401 1850 4464 ego
1900 4400 2039 4445 sum
2087 4380 2347 4465 cynices
2394 4380 2638 4465 primus
2684 4388 2749 4445 et
2791 4381 2905 4446 ille
2950 4379 3133 4445 (leus.

843 4695 1284 4744 xxv—XXVII.
1359 4695 1428 4755 cs.
1473 4696 1630 4743 Anth.
1676 4696 1778 4742 Lat.
1824 4693 2094 4742 703—705

842 4782 1034 4830 XXVI.
1116 4780 1135 4828 1
1179 4781 1368 4829 Tibull.
1410 4782 1510 4829 1111
1556 4780 1602 4839 1,
1647 4779 1732 4827 121
1780 4781 2060 4838 fulgentem
2098 4782 2244 4840 Tyrio
2281 4782 2568 4828 subtemine
2606 4786 2794 4829 vestem
2836 4783 3003 4842 (Verg.
3046 4783 3170 4829 Aen.
3214 4783 3283 4829 111
3324 4780 3457 4842 483),
3503 4782 3564 4829 A.
3608 4781 3663 4828 L.
3708 4780 3826 4842 705,
3870 4781 3886 4830 l

844 5075 873 5123 5
911 5079 1178 5137 remusque
1202 5074 1244 5119 T
1418 5073 1450 5123 6
1486 5075 1657 5137 priuos
1693 5075 1748 5135 T,
1789 5074 1977 5135 primos
2001 5078 2088 5123 cet.
2117 5075 2260 5134 volyo
2427 5073 2454 5121 7
2495 5019 2718 5123 οουὶιέξὶἰι
2746 5074 2788 5120 Τ
2951 5073 2981 5122 8
3019 5077 3177 5124 coelat
3207 5075 3248 5121 T
3410 5074 3441 5122 9
3478 5075 3678 5123 cerisim
3707 5087 3857 5122 urens
3892 5075 3934 5121 T

842 5162 1007 5212 XXV.
1086 5161 1271 5208 Versus
1320 5161 1371 5207 in
1424 5166 1566 5209 ueste
1613 5163 1837 5210 contexti
1889 5161 2121 5221 (conteuti
2162 5160 2232 5221 Μ)
2287 5159 2407 5225 Μχ,
2468 5160 2544 5209 De
2592 5161 2773 5210 Sabina
2819 5163 3031 5212 textrice
3075 5161 3196 5222 vy„
3254 5161 3457 5209 nullum
3504 5163 3682 5208 lemma
3727 5161 3795 5223 T,
3853 5162 3931 5209 De

669 5248 843 5298 eadem
882 5247 1064 5296 Sabina
1100 5246 1263 5306 Luyd.
1306 5250 1449 5308 volyo
1664 5248 1683 5296 1
1727 5248 2041 5295 achemenias
2084 5247 2125 5293 Τ
2333 5247 2364 5296 3
2402 5249 2668 5295 auxoniam
2708 5247 2766 5294 Μ
2971 5248 3000 5295 4
3038 5253 3296 5309 parentem
3344 5247 3385 5294 Τ

843 5334 1034 5381 xxvl.
1109 5334 1239 5381 Item
1278 5332 1350 5395 Μ,
1390 5333 1584 5382 Versus
1621 5333 1683 5380 de
1723 5332 1907 5381 Sabina
1943 5334 2155 5381 textrice
2191 5337 2244 5381 et
2279 5334 2503 5381 carmina
2538 5333 2754 5383 faciente
2790 5348 2844 5398 χ,
2885 5334 3085 5382 nullum
3122 5335 3304 5382 lemma
3343 5333 3404 5393 Τ,
3447 5334 3523 5380 De
3549 5334 3737 5382 Sabina
3775 5346 3929 5380 uxore

674 5421 915 5467 Graevius
953 5421 1098 5479 volyo
1314 5418 1333 5469 1
1378 5421 1695 5479 subtegmine
1735 5434 1778 5467 ω
1991 5417 2020 5465 3
2058 5420 2318 5467 continuat
2355 5418 2413 5466 Μ

843 5506 1063 5554 xxvn.
1139 5506 1265 5554 Item
1307 5507 1363 5555 Μ
1403 5509 1546 5568 (corr.
1588 5505 1768 5566 Idem),
1811 5505 1887 5552 De
1924 5504 2100 5552 eadem
2137 5503 2322 5553 Sabina
2356 5519 2395 5569 χ
2429 5506 2591 5566 vomo,
2629 5506 2831 5552 nullum
2867 5506 3045 5553 lemma
3086 5505 3126 5551 T

843 5591 1082 5640 xxvm.
1159 5592 1335 5648 lemma
1374 5594 1484 5659 Μχ,
1543 5591 1739 5638 nullum
1781 5591 1836 5652 T,
1898 5592 2138 5653 Diogenis
2175 5592 2339 5650 cynici
2373 5593 2583 5652 imagini
2618 5592 2811 5639 subditi
2859 5588 3022 5652 Ven.⁴‚
3080 5590 3415 5640 Antisthenes
3453 5591 3674 5654 Cancus
3709 5589 3932 5651 philoso-

673 5678 806 5742 phus
842 5678 973 5726 θεαὶ.
1012 5678 1153 5739 volvo
1362 5686 1384 5742 1
1430 5678 1621 5733 cinices
1667 5674 1765 5721 ΤΜ
1970 5675 2003 5724 4
2040 5676 2240 5737 cynices
2282 5678 2325 5724 T
2367 5674 2412 5740 (ᾗ
2448 5692 2505 5725 ea:
2543 5679 2599 5740 i),
2642 5678 2830 5725 cinices
2870 5676 2927 5724 Μ

3411 5775 3523 5827 26”’
