4630 6435
761 455 838 513 44
2230 394 2534 495 Avsouu

1417 645 1484 702 tu
1531 635 1754 702 novies
1799 634 2000 700 denos
2045 632 2243 697 vitam
2289 651 2432 695 cum
2479 628 2742 694 duxeris
2788 649 3023 703 annos,

1590 744 1893 823 expertus
1939 737 2152 802 Fortis
2198 735 2334 799 tela
2378 734 2670 799 cavenda
2715 732 2910 811 deae,

1250 866 1310 905 25
1418 843 1725 908 amissum
1772 839 1939 906 flesti
1984 846 2129 923 post
2170 837 2339 902 trina
2384 835 2700 902 decennia
2740 843 2963 900 uatum

1591 944 1882 1010 saucius:
1938 943 2058 1008 hoc
2102 943 2288 1006 laevo
2334 940 2574 1005 lumine
2620 958 2845 1005 cassus
2891 959 3058 1005 eras.

1418 1048 1683 1114 dicebas
1729 1046 1846 1112 sed
1889 1053 1952 1110 te
1998 1045 2239 1110 solacia
2284 1045 2478 1126 longa
2524 1043 2778 1124 fovere,

1592 1151 1760 1233 quod
1807 1171 1953 1215 mea
1998 1148 2384 1233 praecipuus
2433 1146 2568 1211 fata
2612 1153 2901 1211 maneret
2948 1147 3174 1211 honos.

1421 1263 1485 1321 ct
1527 1254 1717 1320 modo
1765 1252 2053 1318 conciliis
2100 1251 2460 1316 animarum
2506 1249 2705 1314 mixte
2752 1249 3034 1333 priorum

1250 1383 1310 1421 ,το
1591 1357 1728 1423 fata
1770 1357 1862 1422 tui
1909 1362 2078 1421 certe
2123 1360 2274 1419 nota
2318 1352 2571 1437 nepotis
2615 1352 2836 1417 habes.

1420 1462 1652 1543 sentis,
1707 1459 1877 1542 quod
1919 1464 2253 1543 quaestor,
2306 1456 2483 1539 quod
2526 1462 2589 1521 te
2637 1455 3002 1540 praefectus
3048 1462 3114 1521 et
3156 1454 3327 1520 idem

1591 1563 1816 1630 consul
1861 1561 2205 1627 honorifico
2251 1579 2517 1625 munere
2563 1578 2993 1626 conmemorO.

1579 1856 1641 1922 7.
1688 1854 2048 1921 AEMILIA
2093 1854 2568 1922 CORINTHIA
2612 1853 2909 1918 MAVRA
2953 1854 3184 1918 AVIA.

1415 2028 1759 2095 Aemiliam
1803 2047 1972 2092 1111110
2018 2026 2157 2091 fare
2203 2026 2450 2103 aviam,
2506 2025 2616 2110 pia
2662 2045 2815 2090 cura
2860 2023 3146 2107 nepotis,
3792 2042 3883 2091 164
3927 2044 4003 2101 (v)

1588 2132 1862 2197 coniunx
1909 2129 2235 2215 praedicto
2279 2150 2447 2212 quae
2492 2128 2619 2194 fuit
2662 2129 2950 2194 Arborio.

1415 2257 1646 2302 nomen
1692 2235 1840 2300 huic
1884 2235 2166 2300 ioculare
2213 2232 2470 2298 datum:
2524 2239 2667 2298 cute
2714 2233 2900 2299 fusca
2944 2233 3115 2316 quod
3161 2233 3312 2297 olim

1591 2340 1898 2422 aequales
1945 2338 2110 2403 inter
2155 2337 2381 2402 Maura
2426 2342 2659 2402 vocata
2705 2336 2848 2401 fuit.

1284 2468 1309 2505 5
1417 2442 1532 2507 sed
1577 2461 1701 2506 non
1746 2448 1886 2505 atra
1931 2439 2179 2521 animo,
2233 2439 2344 2522 qui
2389 2439 2621 2504 clarior
2665 2445 2840 2504 esset
2883 2440 3058 2505 olore

1589 2551 1654 2609 et
1695 2564 1822 2609 non
1868 2543 2118 2608 calcata
2160 2541 2268 2626 qui
2313 2542 2461 2607 nive
2509 2542 2863 2608 candidior.

1417 2649 1579 2714 haec
1624 2666 1748 2711 non
1795 2644 2046 2711 deliciis
2092 2647 2429 2730 ignoscere
2476 2651 2768 2730 prompta
2813 2644 3136 2731 pudendis

1587 2750 1672 2816 ad
1716 2749 2248 2836 perpendiculum
2297 2769 2497 2832 seque
2544 2768 2820 2831 suosque
2868 2748 3112 2814 habuit.

1415 2856 1578 2921 haec
1621 2875 1723 2920 me
1768 2861 2176 2939 praereptum
2223 2854 2405 2919 cunis
2452 2861 2518 2919 et
2560 2854 2643 2917 ab
2690 2853 2886 2918 ubere
2935 2853 3155 2918 matris

1252 2982 1307 3020 ιο
1587 2958 1829 3023 blanda
1875 2958 1992 3023 sub
2039 2956 2315 3022 austeris
2360 2956 2568 3022 inbuit
2611 2955 2923 3041 imperiis.

1417 3062 1796 3145 tranquillos
1841 3062 2028 3126 aviae
2074 3060 2325 3126 cineres
2371 3066 2697 3144 praestate
2744 3060 2944 3143 quieti

1587 3173 1918 3232 aeternum
1965 3184 2223 3244 manes,
2279 3163 2334 3229 si
2382 3163 2493 3248 pia
2538 3164 2736 3230 verba
2782 3164 3022 3246 loquor.

1285 3459 1350 3523 8.
1398 3459 1760 3524 AEMILIA
1806 3457 2163 3522 HILARIA
2208 3456 2735 3521 MATERTERA
2778 3456 3043 3523 VIRGO
3091 3456 3459 3522 DEVOTA.

1417 3633 1643 3714 Tuque
1688 3630 1892 3715 gradu
1940 3628 2199 3713 generis
2244 3635 2619 3708 matertera,
2673 3628 2787 3694 sed
2834 3628 2973 3694 vice
3019 3629 3239 3694 matris
3758 3647 3852 3696 105
3893 3648 3999 3708 (vr

1588 3736 1822 3800 affectu
1866 3734 2000 3798 nati
2047 3734 2584 3799 conmemoranda
2629 3733 2766 3815 pic,

1418 3838 1724 3918 Aemilia,
1781 3836 1850 3902 in
1894 3836 2076 3902 cunis
2120 3836 2329 3900 Hilari
2379 3856 2731 3918 cognomen
2775 3836 3050 3920 adepta,

1588 3939 1761 4022 quod
1807 3941 1982 4005 laeta
2028 3946 2093 4004 et
2138 3939 2320 4022 pueri
2366 3939 2568 4004 comis
2615 3939 2700 4004 ad
2747 3939 3066 4022 effigiem,

1285 4065 1311 4100 ⁵
1418 4043 1737 4108 reddebas
1784 4063 2004 4108 verum
2051 4062 2180 4106 non
2224 4041 2704 4108 dissimulanter
2748 4043 3103 4126 ephebum,

1590 4166 1765 4212 more
1810 4146 2016 4210 virum
2065 4145 2336 4211 medicis
2382 4146 2628 4210 artibus
2674 4146 3038 4229 experiens.

1419 4248 1680 4314 feminei
1727 4267 1922 4313 sexus
1967 4247 2185 4314 odium
2231 4248 2349 4313 tibi
2397 4268 2654 4333 semper
2697 4256 2763 4314 et
2806 4248 2956 4313 inde

1591 4351 1792 4417 crevit
1837 4351 2108 4416 devotae
2154 4349 2548 4434 virginitatis
2595 4371 2804 4430 amor,

919 4629 976 4677 31
1021 4630 1189 4677 Sidon.
1234 4629 1399 4690 Apoll.
1442 4628 1617 4677 XXIII
1657 4629 1708 4691 2,
1751 4629 1814 4678 94
1854 4630 2158 4691 praefectus,
2197 4630 2370 4676 consul
2407 4636 2460 4676 et
2495 4629 2627 4676 idem

922 4710 978 4764 7.
1050 4714 1081 4762 6
1117 4714 1264 4763 Ovid.
1306 4729 1370 4762 ex
1411 4716 1550 4762 Pont.
1593 4717 1638 4762 11
1680 4715 1729 4773 5,
1772 4715 1837 4764 38
1875 4721 1926 4762 et
1963 4729 2062 4763 11011
2099 4715 2282 4762 calcata
2320 4715 2598 4763 candidiora
2636 4717 2750 4762 nive
3015 4716 3046 4760 9
3085 4716 3232 4774 Verg.
3275 4716 3451 4774 Georg.
3497 4718 3568 4763 111
3613 4715 3706 4764 187
3746 4719 3806 4764 ab
3844 4720 4001 4766 ubere

745 4801 919 4847 matris

915 5057 979 5107 23
1024 5042 1126 5121 qus}
1175 5061 1214 5106 V
1419 5058 1484 5108 24
1523 5061 1663 5107 fortis
1711 5060 1750 5105 V
1782 5062 1942 5120 cotye,
1985 5061 2148 5109 Fortis
2185 5061 2451 5122 Graevius,
2489 5064 2588 5108 11ὶεί
2624 5076 2740 5109 cum
2776 5066 3018 5121 expertus
3055 5060 3452 5120 coniunyendum
3488 5067 3557 5110 cst
3592 5062 3732 5109 fortis
3911 5063 4007 5109 dae

753 5145 804 5205 V,
851 5146 985 5192 Deae
1022 5145 1183 5206 Luyd.
1400 5145 1464 5193 25
1502 5147 1625 5193 fletu
1664 5147 1718 5205 V,
1759 5147 1893 5194 flesti
1933 5146 2067 5194 Scal.
2283 5143 2420 5211 post]
2459 5160 2546 5208 per
2584 5146 2833 5208 Βναηάως
2873 5147 2955 5193 sed
2995 5152 3109 5207 post
3144 5151 3213 5193 est
3250 5145 3539 5194 adverbium
3750 5153 3919 5194 natum
3968 5148 4013 5192 V

746 5230 795 5288 (11
834 5244 892 5276 ex
930 5244 976 5276 m
1011 5229 1099 5288 m2)
1421 5230 1486 5280 26
1524 5231 1713 5281 ocl&uo
1759 5233 1814 5294 V,
1854 5248 1910 5280 ac
1946 5233 2088 5281 laevo
2128 5233 2343 5293 Lipsius,
2398 5233 2489 5279 1100
2523 5234 2623 5279 leto
2659 5232 2900 5291 Brundes,
2941 5234 3033 5280 1100
3072 5235 3210 5280 laevo
3245 5247 3332 5292 090
3370 5233 3452 5293 (cf.
3499 5233 3668 5289 Quint.
3714 5235 3753 5279 1.
3799 5234 3858 5281 Ο.
3913 5234 3996 5281 Vl.

738 5328 950 5376 prooem.
992 5319 1052 5362 6:
1096 5318 1306 5364 alterum
1342 5331 1400 5364 ex
1435 5317 1624 5366 duobus
1661 5320 1785 5366 eruit
1823 5319 2026 5380 lumen),
2068 5324 2217 5379 atquc
2255 5333 2357 5366 11110
2400 5318 2511 5364 Tou
2549 5319 2691 5378 volyo
2930 5333 3129 5366 cassus*
3183 5321 3221 5365 V
3258 5320 3299 5379 (s
3336 5320 3430 5367 ult.
3468 5316 3544 5366 m²
3580 5321 3633 5366 in
3666 5333 3767 5367 ras.
3810 5321 3843 5365 3
3879 5321 4000 5376 liu.)

693 5449 699 5456 ,
740 5400 806 5449 29
845 5403 1002 5448 mixta
1049 5403 1103 5459 V,
1144 5404 1293 5451 miste
1339 5404 1448 5453 Vin.
1665 5407 1860 5464 piorum
1908 5404 2078 5464 (υοὶρο)
2125 5407 2200 5451 vel
2239 5407 2433 5464 piarum
2483 5405 2591 5451 Vin.

919 5483 974 5538 7.
1047 5488 1270 5537 Corintia
1316 5491 1356 5537 V
1561 5489 1590 5537 2
1629 5492 1814 5538 coniux
1861 5489 1902 5535 V
2106 5490 2132 5537 7
2172 5497 2367 5552 promta
2414 5492 2453 5538 V
2657 5491 2688 5537 9
2727 5490 2819 5538 hae
2858 5505 2965 5539 mae
3012 5491 3194 5539 Vcorr.
3228 5490 3393 5551 Luyd.
3617 5490 3677 5539 10
3715 5492 3928 5552 inperiis
3965 5493 4008 5537 V

746 5574 803 5622 12
843 5575 974 5621 locor
1022 5575 1065 5621 V

911 5655 970 5710 8.
1044 5661 1193 5708 uma
1239 5661 1280 5707 ν
1482 5663 1662 5713 deuota
1711 5663 1751 5711 ν
1789 5664 1834 5722 (e
1869 5659 1945 5711 τηε
1981 5665 2033 5709 sn
2067 5663 2190 5722 ms.)
2426 5663 2455 5712 3
2495 5663 2607 5710 nari
2654 5663 2694 5712 V
2917 5662 2946 5709 5
2985 5645 3146 5728 operui
3192 5664 3233 5709 ν
3456 5662 3487 5718 s
3524 5663 3745 5727 demate
3793 5664 3834 5709 v
3872 5667 3910 5724 {t
3945 5668 4006 5710 ut

737 5747 935 5795 vitietur
969 5748 1114 5808 eras.)
