4630 6435
1654 447 2341 503 TECHNOPAEGNION
2386 447 2644 507 (xwi
2659 490 2670 501 .
3674 449 3794 511 135

1068 661 1094 700 5
1200 638 1444 724 incipe:
1502 638 1817 721 quidquid
1862 646 2057 721 agas,
2112 658 2228 723 pro
2273 644 2405 702 toto
2451 644 2553 703 est
2593 635 2802 721 prima
2845 636 3059 720 operis
3195 653 3366 719 pars.

1202 742 1487 808 insinuat
1530 743 1709 808 caelo
1757 742 1983 825 disque
2028 742 2256 807 inserit
2299 742 2598 807 emeritos
3201 740 3368 807 laus.

1203 853 1268 911 et
1312 846 1672 930 disciplinis
1720 844 2005 911 conferta
2050 854 2149 912 est
2193 853 2257 911 et
2301 845 2476 910 vitiis
3192 844 3367 909 urbs.

1202 950 1464 1015 urbibus
1510 950 1576 1014 in
1621 949 1774 1015 tutis
1822 948 2122 1014 munitior
2166 949 2432 1014 urbibus
2479 955 2580 1014 est
3229 967 3403 1031 arX„

1203 1073 1359 1118 auro
1406 1072 1681 1135 magnus
1725 1053 1961 1132 home,
2017 1052 2156 1117 auri
2203 1053 2476 1136 pretium
2522 1059 2739 1116 tamen
2783 1058 2881 1116 est
3232 1069 3369 1115 aes.

1033 1176 1090 1216 ιο
1201 1157 1397 1240 longa
1442 1155 1583 1221 dies
1630 1176 1904 1241 operosa
1949 1157 2116 1236 viro,
2172 1156 2291 1221 sed
2335 1156 2678 1240 temperies
3209 1174 3365 1233 nox,

1203 1280 1331 1341 qua
1379 1266 1556 1325 caret
1597 1259 1982 1344 Aethiopum
2030 1260 2262 1344 plaga,
2318 1260 2629 1345 pervigil,
2686 1258 3012 1341 inrequies
3175 1277 3366 1340 genS,

936 1352 967 1382 ⁶
1200 1382 1459 1446 semper
1501 1362 1612 1428 ubi
1656 1369 1922 1428 aeterna
1966 1363 2281 1446 vertigine
2328 1364 2507 1429 clara
2551 1370 2767 1427 manet
3234 1361 3365 1425 lux.

1937 1584 2002 1651 7.
2058 1585 2173 1650 DE
2218 1585 2384 1650 DIS.

1202 1742 1363 1806 Sunt
1410 1748 1475 1807 et
1522 1741 1896 1806 caelicolum
1944 1740 2417 1824 monosyllaba.
2513 1739 2720 1825 prima
2765 1740 2957 1805 deum
3200 1740 3363 1822 Fas,
3695 1760 3793 1809 343

1203 1865 1371 1927 quae
1401 1845 1667 1910 Themis
1698 1851 1798 1910 est
1828 1844 2041 1926 Grais,
2094 1851 2240 1929 post
2278 1844 2444 1909 hanc
2474 1844 2680 1925 Rhea,
2734 1864 2902 1926 quae
2950 1844 3152 1909 Latiis
3199 1844 3368 1928 Ops,
3581 1845 3794 1907 (VOCw)

1200 1956 1334 2015 tum
1382 1949 1553 2014 Iovis
1600 1956 1665 2014 et
1710 1949 1905 2014 Consi
1949 1968 2333 2031 germanus,
2386 1949 2736 2013 Tartareus
3218 1947 3370 2024 Die,

1202 2059 1267 2117 et
1312 2072 1493 2117 soror
1537 2058 1602 2116 et
1646 2052 1923 2117 coniunx
1969 2052 2220 2134 fratris,
2275 2052 2500 2134 regina
2546 2050 2773 2134 deum,
3219 2051 3367 2131 Vis,

1202 2161 1265 2220 et
1308 2155 1416 2237 qui
1463 2154 1848 2237 quadriiugo
1896 2174 2077 2219 curru
2126 2161 2310 2239 pater
2353 2154 2679 2219 invehitur
3222 2154 3369 2231 Sol,

1202 2258 1437 2341 quique
1483 2264 1692 2323 truces
1739 2257 1894 2323 belli
1939 2264 2150 2322 motus
2196 2258 2323 2322 ciet
2364 2257 2757 2340 armipotens
3168 2256 3368 2334 Mam,

1203 2381 1391 2442 quem
1435 2381 1783 2443 numquam
1830 2360 2065 2446 pictae,
2123 2381 2471 2442 numquam
2519 2361 2688 2425 bona
2733 2361 3040 2426 sollicitat
3211 2361 3369 2424 Pax.

1202 2484 1322 2530 nec
1368 2465 1573 2529 cultor
1619 2484 1945 2530 nemorum
1991 2463 2372 2545 reticebere,
2424 2463 2791 2529 Maenalide
3199 2464 3368 2543 Pan,

1204 2587 1324 2632 nec
1369 2568 1599 2650 genius
1644 2567 1980 2649 domuum,
2033 2567 2338 2633 Larunda
2382 2567 2756 2652 progenitus
3214 2568 3370 2648 Lar,

1039 2697 1096 2736 10
1202 2669 1699 2753 fluminibusque
1746 2671 1929 2736 Italis
1974 2671 2385 2754 praepollens
2432 2671 2818 2754 sulphureus
3204 2672 3369 2752 Nar,

1204 2793 1498 2857 quaeque
1543 2773 1680 2857 piat
1724 2773 1947 2838 divum
1992 2774 2311 2857 periuria,
2367 2774 2710 2839 nocticolor
3170 2774 3365 2857 Styx,

1205 2875 1594 2958 velivolique
1641 2877 1835 2940 maris
1880 2882 2233 2942 constrator
2278 2877 2649 2942 leuconotos
3183 2877 3372 2956 Libs,

1209 2987 1273 3044 et
1317 3000 1661 3062 numquam
1707 2979 1772 3043 in
1821 2979 2033 3045 dubiis
2081 2980 2401 3045 hominem
2448 2980 2618 3044 bona
2664 2979 3023 3045 destituens
3187 2980 3373 3064 Spes.

1902 3203 1968 3270 8.
2022 3204 2138 3270 DE
2185 3205 2431 3272 CIBIS.

1213 3362 1349 3426 Nec
1393 3366 1642 3424 nostros
1688 3359 1968 3426 reticebo
2016 3361 2219 3440 cibos,
2276 3380 2438 3442 quos
2485 3361 2734 3445 priscus
2781 3362 2977 3427 habet
3202 3381 3374 3442 mos,
3705 3378 3802 3428 344

1210 3464 1683 3528 inritamentum
1731 3463 1962 3544 quibus
2009 3463 2269 3529 additur
2314 3483 2701 3546 aequoreum
3256 3464 3376 3529 sal.
3576 3464 3797 3528 (VOCw)

1215 3567 1562 3633 eommunis
1611 3567 1948 3651 pecorique
1995 3567 2146 3631 olim
2194 3568 2377 3632 cibus
2422 3575 2612 3650 atque
2659 3567 2902 3633 homini
3148 3568 3375 3649 glans,

1213 3678 1363 3736 ante
1409 3670 1705 3767 equidem
1752 3671 1998 3754 campis
2044 3692 2231 3754 quam
2280 3670 2502 3758 spicea
2547 3678 2920 3756 suppeteret
3210 3669 3376 3734 frux,

1054 3823 1169 3830 -i

715 3901 745 3948 5
782 3901 903 3949 Hor.
945 3900 1108 3961 Epist.
1152 3899 1174 3945 1
1213 3897 1263 3958 2,
1304 3897 1371 3945 40
1407 3898 1675 3946 dimidium
1712 3898 1829 3945 facti
1867 3898 1953 3958 qui
1991 3898 2154 3959 coepit
2190 3898 2341 3946 hebet
2376 3934 2390 3948 .
2427 3935 2437 3946 .
2473 3935 2484 3946 .
2526 3900 2696 3961 incipe
2736 3898 2817 3960 (es.
2861 3901 3018 3961 epigr.
3063 3898 3145 3961 84)

721 3982 774 4036 7.
847 3986 877 4034 4
917 3987 1067 4045 Verg.
1097 3985 1227 4032 Aen.
1261 3983 1353 4030 VII
1379 3982 1477 4032 432
1504 3983 1781 4031 caelestum
1808 3984 1883 4030 vis
1908 3997 2086 4042 magna
2111 3984 2253 4033 iubet
2463 3984 2495 4032 9
2533 3986 2717 4047 Appul.
2748 3986 2809 4033 de
2835 3985 2926 4033 deo
2951 3985 3084 4033 Socr.
3114 3985 3210 4033 XV
3241 3983 3335 4033 152
3553 3984 3613 4033 10
3651 3985 3802 4043 Verg.

542 4075 672 4122 Aen.
709 4072 804 4119 Vll
832 4071 927 4120 517
969 4071 1206 4132 sulpurea
1236 4069 1529 4130 (sulphurea
1554 4067 1622 4129 bc)
1668 4070 1765 4116 Nar
1792 4071 1936 4116 albus
1961 4084 2089 4130 aqua
2110 4108 2121 4130 ,
2162 4069 2293 4118 Plin.
2326 4072 2385 4119 N.
2419 4072 2482 4118 H.
2513 4071 2587 4118 111
2621 4070 2716 4119 109
2745 4071 2876 4133 (Nar)
2912 4072 3169 4132 sulpureis
3196 4071 3339 4130 equis
3550 4069 3612 4118 12
3651 4072 3802 4129 Verg.

544 4159 671 4207 Aen.
716 4159 736 4205 l
774 4156 875 4205 224
913 4171 1048 4205 mare
1086 4156 1360 4205 velivolum

718 4349 747 4395 5
785 4348 1022 4410 quicquid
1063 4346 1195 4405 0οω
1237 4348 1311 4406 (in
1353 4345 1394 4391 T
1430 4345 1704 4407 quicquisc)
1956 4347 2182 4407 opprima
2226 4346 2267 4392 T
2308 4347 2403 4408 (op.
2445 4347 2563 4409 del.)
2741 4362 2746 4368 ·
2820 4347 2851 4394 6
2887 4348 3088 4409 diisque
3131 4348 3256 4413 ΤχΕ
3494 4346 3524 4395 8
3561 4360 3656 4394 om.
3704 4344 3744 4390 Ο

545 4430 657 4499 arx]
692 4448 779 4482 rex
832 4433 871 4480 V
912 4430 1000 4494 (m2
1037 4435 1091 4481 in
1126 4434 1230 4479 loco
1266 4432 1494 4494 evanido)
1541 4433 1600 4491 Q,
1642 4446 1721 4479 ars
1761 4430 1814 4477 M
2073 4431 2134 4480 10
2172 4434 2299 4481 uiris
2341 4432 2383 4489 0
2627 4423 2890 4496 ιεωρεῐὶὲε
2933 4434 2973 4480 0
3230 4433 3284 4483 ll
3327 4419 3729 4494 etiopumpla*ga
3775 4431 3815 4477 V

551 4520 600 4581 (p
635 4518 723 4581 m2)
937 4519 1080 4580 plaga
1115 4519 1258 4580 plage
1299 4518 1340 4564 T
1384 4519 1487 4577 (au.
1529 4518 1647 4576 del.)
1864 4519 2107 4580 irrequies
2148 4518 2190 4564 T
2406 4518 2466 4568 12
2504 4525 2673 4567 manet
2720 4520 2823 4579 VO,
2864 4521 3015 4568 clarat
3051 4521 3153 4566 lmu
3197 4521 3307 4582 (om.
3338 4519 3505 4579 clara),
3548 4519 3680 4565 nitet
3714 4523 3799 4565 cet.

552 4608 621 4666 (in
661 4606 702 4652 T
736 4596 896 4653 ''elai-a
931 4605 1063 4652 nitet
1090 4586 1356 4676 ue'r'tigine)
1398 4606 1540 4663 volqo

724 4686 779 4740 7.
852 4704 927 4736 vn
966 4690 1044 4738 De
1080 4678 1176 4738 di¹s
1223 4691 1262 4736 V
1300 4692 1333 4750 (i
1371 4687 1476 4752 ²²1²),
1531 4693 1604 4737 De
1641 4691 1741 4738 diis
1782 4692 1843 4752 Q,
1885 4691 1960 4737 De
1997 4690 2104 4738 dies
2147 4689 2186 4736 C
2227 4691 2340 4753 (diis
2376 4693 2549 4754 corn),
2592 4693 2668 4739 De
2706 4692 2784 4740 dis
2825 4692 2893 4752 M,
2936 4693 3012 4740 De
3051 4692 3404 4750 monosyllabis
3441 4693 3642 4737 deorum
3687 4688 3811 4753 ΤχΕ

551 4776 572 4825 1
614 4776 816 4838 celicole
856 4776 897 4833 O
939 4778 985 4838 (e
1022 4778 1114 4826 alt.
1153 4791 1211 4823 ea:
1246 4778 1393 4838 corr.)
1634 4777 1956 4824 monosillaba
2006 4776 2100 4823 VM
2340 4776 2371 4826 2
2410 4778 2594 4826 themis
2632 4779 2768 4826 renis
2804 4783 2882 4826 est
2922 4778 2964 4836 Q
3195 4779 3287 4825 hac
3329 4778 3368 4822 C
3596 4765 3726 4836 grais
3773 4775 3811 4822 V

554 4867 594 4923 (r
628 4859 740 4921 111²),
782 4862 948 4921 grahis
988 4861 1029 4920 Q
1272 4877 1356 4925 rea
1405 4863 1455 4924 V,
1500 4877 1583 4910 rea
1622 4862 1714 4921 00
1958 4859 2135 4928 Latiis]
2173 4864 2307 4912 latus
2347 4869 2437 4912 ·e·
2483 4864 2523 4910 C
2762 4867 2848 4912 obs
2896 4864 2934 4910 V
3174 4864 3203 4912 3
3244 4870 3364 4911 tunc
3405 4863 3444 4909 Ο
3684 4877 3807 4910 com

549 4979 652 5014 sors
686 4965 789 5028 VO,
829 4937 1051 5015 consimo
1096 4967 1189 5027 (ors
1224 4963 1313 5025 m2)
1532 4967 1764 5018 tarutius
1812 4967 1845 5012 V
1883 4967 1918 5028 (i
1957 4980 2012 5014 et
2049 4969 2117 5026 e),
2160 4967 2444 5016 thartareus
2484 4968 2526 5026 0
2738 4968 2766 5016 4
2805 4982 2900 5017 om.
2933 4984 2976 5017 ω
3190 4967 3257 5014 Et
3292 4981 3423 5015 soror
3459 4967 3497 5012 V
3537 4964 3671 5026 (add.
3712 4961 3802 5026 m2)

550 5052 580 5098 5
617 5053 704 5114 qui
754 5051 793 5098 V
832 5052 864 5111 (i
901 5049 975 5099 m²
1011 5055 1064 5101 in
1100 5052 1221 5112 ma.)
1434 5051 1722 5114 quidriiugo
1759 5053 1795 5099 V
1839 5053 1976 5113 (corr.
2006 5049 2095 5113 m2)
2312 5053 2344 5102 6
2381 5056 2535 5102 trucis
2573 5054 2656 5112 VQ
2865 5059 3007 5102 curet
3041 5054 3082 5111 Q
3293 5054 3319 5100 7
3358 5055 3484 5101 bona
3518 5066 3615 5100 om.
3654 5052 3738 5110 VQ

550 5136 800 5186 ”solicitat
836 5122 961 5187 boiis
1002 5140 1043 5186 Τ
1272 5137 1302 5187 8
1342 5151 1610 5186 memorum
1659 5139 1698 5184 V
1904 5139 1935 5187 9
1972 5119 2173 5200 genitus
2209 5131 2391 5187 domun
2436 5139 2474 5185 V
2510 5141 2551 5198 (t
2584 5136 2709 5202 ⁷²22),
2750 5153 2910 5199 genus
2947 5140 3037 5188 hoc
3074 5140 3311 5188 domuum
3355 5139 3628 5200 (hominnm
3667 5143 3718 5201 χ)
3764 5153 3806 5185 ω

553 5223 614 5272 10
652 5225 798 5283 ytalie
838 5223 890 5270 M
1100 5225 1406 5285 sulphureus
1454 5225 1492 5270 V
1531 5223 1579 5286 (h
1618 5238 1682 5271 ex
1721 5225 1752 5271 b
1789 5222 1902 5286 m‘2)‚
1945 5222 2248 5288 sulphureas
2292 5227 2331 5270 0
2551 5222 2673 5291 Nar]
2711 5241 2800 5275 nas
2842 5226 2882 5272 C
3105 5225 3156 5274 11
3221 5229 3328 5288 pias
3370 5224 3410 5270 C
3615 5225 3810 5286 peiuria

558 5308 641 5368 VO
850 5312 953 5358 stix
981 5310 1079 5357 OM
1290 5310 1348 5359 12
1388 5311 1733 5371 ueliquolique
1769 5310 1824 5372 V,
1854 5312 2153 5374 uelieolique
2182 5311 2223 5368 Q
2423 5313 2710 5360 leucotonos
2739 5312 2817 5376 (ὶχ
3027 5313 3115 5359 vbs
3144 5311 3203 5373 0,
3235 5313 3341 5371 lybs
3374 5313 3413 5357 T
3621 5310 3682 5358 13
3721 5312 3811 5358 ho-

556 5397 745 5444 minum
780 5395 946 5458 codd„
992 5397 1242 5446 hominem
1284 5397 1454 5445 Deum
1663 5398 1937 5446 distitnens
1982 5399 2067 5456 VO

723 5479 778 5534 8.
858 5485 931 5532 De
968 5486 1093 5532 cibis
1128 5485 1166 5531 V
1196 5484 1299 5545 (ubi
1324 5497 1422 5530 vm
1451 5489 1564 5533 ante
1590 5483 1683 5544 De)
1718 5484 1875 5545 ΟΟΜ,
1920 5487 2104 5534 nostris
2141 5484 2260 5534 add.
2289 5491 2380 5534 eet.
2599 5485 2618 5532 1
2664 5498 2761 5546 quo
2798 5487 2992 5547 priscus
3031 5484 3067 5529 V
3104 5485 3184 5540 (us
3210 5498 3267 5531 a
3290 5499 3318 5532 a
3339 5481 3429 5545 νηῒ)
3639 5478 3810 5547 habet]

552 5570 665 5617 &bos
706 5570 746 5628 Q
990 5570 1019 5620 2
1059 5572 1427 5619 irritamentum
1468 5569 1659 5628 QOTM
1891 5585 2165 5632 aequoreus
2208 5570 2355 5617 GTM
2590 5570 2619 5618 3
2659 5559 2923 5632 pe⁰⁰rique
2973 5569 3010 5614 V
3057 5572 3131 5628 (eo
3166 5566 3274 5632 m2),
3314 5571 3604 5631 pecorisque
3644 5567 3746 5614 ΤΜ

550 5658 670 5704 olim
720 5659 999 5704 eommunis
1049 5658 1213 5719 pecori
1261 5658 1404 5704 cibus
1450 5655 1537 5715 Uy.
1580 5658 1722 5716 volyo
1973 5658 2132 5718 adque
2182 5659 2221 5704 V
2462 5657 2493 5705 4
2549 5653 2803 5721 equidem]
2856 5658 3006 5704 etiam
3049 5657 3090 5714 Q
3345 5659 3511 5718 spicea
3557 5669 3653 5703 om.
3701 5655 3741 5701 T

555 5723 820 5820 snpg‘rtu
865 5760 906 5806 V
944 5760 1079 5820 (teret
1115 5757 1203 5822 m2)
