4630 6435
1967 462 2460 518 PARENTALIA
2503 464 2672 527 (XV).
3863 470 3897 526 4
3910 468 3943 527 7

1609 787 1721 853 12.
1769 788 2188 854 AVSONIVS
2238 789 2677 854 PARVVLVS
2724 789 3024 854 FILIVS.

1358 959 1500 1025 Non
1548 980 1668 1043 ego
1714 966 1776 1025 te
1821 959 2107 1026 infletum
2154 961 2420 1027 memori
2464 961 2779 1027 fraudabo
2827 962 3147 1043 querella,
3720 972 3815 1022 169
3855 974 3939 1033 (Χ)

1531 1063 1806 1148 primuS‚
1860 1069 2044 1145 nate,
2097 1084 2239 1129 meo
2285 1065 2539 1129 nomine
2586 1065 2754 1131 dicte
2798 1085 2977 1149 puer.

1358 1187 1685 1231 murmura
1728 1188 1917 1251 quem
1964 1167 2186 1253 primis
2230 1169 2646 1234 meditantem
2692 1169 3030 1234 absolvere
3078 1168 3321 1247 verbis,

1529 1269 1765 1335 indolis
1811 1278 1877 1335 at
1923 1272 2156 1355 plenae
2202 1272 2570 1355 planximus
2616 1272 2927 1355 exequiis.

1355 1380 1423 1437 tu
1470 1373 1714 1455 gremio
1759 1374 1825 1438 in
1871 1374 2093 1458 proavi
2139 1375 2333 1439 funus
2381 1395 2712 1441 commune
2759 1376 3039 1454 locatus,

1529 1476 1840 1542 invidiam
1886 1478 2116 1543 tumuli
2162 1499 2241 1542 ne
2289 1486 2585 1561 paterere
2631 1479 2746 1543 tui.

1671 1749 1780 1817 13.
1829 1754 2159 1817 PASTOR
2205 1753 2482 1819 NEPOS
2529 1753 2646 1816 Ex
2694 1753 2943 1818 FILIO.

1352 1925 1451 1988 'ru
1497 1945 1749 2009 quoque
1795 1932 2110 2007 maturos,
2162 1945 2324 2010 puer
2367 1924 2718 2003 inmature,
2773 1925 3028 1990 dolores
3690 1938 3783 1988 170
3827 1941 3935 1999 (xi)

1525 2029 1840 2114 erumpis,
1894 2029 2121 2094 maesti
2170 2030 2378 2095 luctus
2424 2029 2698 2094 acerbus
2744 2029 2886 2110 avi,

1354 2134 1579 2198 Pastor
1623 2153 1769 2197 care
1816 2152 2052 2217 nepoS‚
2107 2152 2256 2216 spes
2302 2132 2485 2197 euius
2533 2139 2706 2197 certa
2752 2131 2873 2196 fuit
2916 2152 3049 2211 ωε,

1525 2235 1825 2320 Hesperii
1872 2237 2073 2320 patris
2119 2236 2309 2300 tertia
2353 2236 2728 2320 progenieS,

1219 2360 1244 2397 5
1352 2339 1640 2420 nomine,
1694 2339 1866 2420 quod
1912 2359 2103 2405 casus
2151 2339 2452 2420 dederat,
2504 2339 2658 2422 quia
2702 2338 2921 2404 fistula
2966 2337 3236 2422 primum

1525 2444 1847 2526 pastorale
1895 2443 2097 2507 melos
2144 2442 2468 2508 concinuit
2512 2443 2752 2525 genito.

1353 2566 1494 2612 sero
1539 2545 1936 2612 intellectum
1982 2546 2153 2611 vitae
2201 2547 2414 2612 brevis
2461 2553 2942 2630 argumentum,

1526 2651 1787 2734 spiritus
1832 2649 2074 2715 afflatis
2119 2651 2289 2733 quod
2338 2650 2508 2733 fugit
2551 2671 2586 2716 e
2634 2649 2923 2729 calamis.

1353 2752 1593 2817 occidis
1641 2753 1916 2818 emissae
1963 2772 2310 2837 percussus
2358 2753 2641 2837 pondere
2690 2759 2929 2832 testae,

1184 2877 1241 2915 ιο
1523 2857 1759 2922 abiecit
1802 2864 1968 2921 teoto
2014 2878 2206 2939 quam
2254 2877 2482 2922 manus
2528 2856 2814 2922 artificis.

1350 2979 1475 3022 non
1522 2959 1645 3024 fuit
1689 2959 1951 3025 artificis
1995 2980 2224 3024 manus
2270 2960 2467 3025 haee:
2521 2980 2749 3025 manus
2793 2960 2910 3025 illa
2958 2960 3204 3026 cruenti

1522 3071 1700 3128 certa
1745 3063 1869 3129 fuit
1911 3064 2064 3143 fati,
2123 3064 2533 3148 suppositura
2578 3084 2782 3128 reum.

1350 3166 1514 3248 heu,
1569 3187 1736 3249 quae
1782 3174 1931 3233 vota
1976 3167 2167 3248 mihi,
2220 3187 2388 3252 quae
2430 3167 2673 3252 rumpis
2719 3166 2992 3251 gaudia,
3048 3167 3305 3232 Pastor!

1519 3271 1637 3336 illa
1682 3292 1892 3336 meum
1939 3271 2125 3356 petiit
2169 3273 2393 3355 tegula
2437 3271 2636 3336 missa
2681 3280 2898 3356 eaput.

1183 3395 1241 3435 ιε»
1350 3375 1603 3457 dignior
1647 3396 1716 3456 ο,
1771 3382 2027 3440 nostrae
2073 3395 2366 3458 gemeres
2411 3375 2521 3459 qui
2570 3376 2704 3440 fata
2749 3383 3046 3440 senectae

1521 3484 1587 3542 et
1629 3498 1966 3561 quererere
2013 3498 2190 3543 meas
2236 3484 2520 3543 maestus
2567 3478 2651 3542 ad
2698 3479 3037 3561 exequias!

1722 3752 1834 3819 14.
1882 3753 2117 3818 IVLIA
2165 3753 2554 3818 DRYADIA
2598 3753 2898 3819 SOROR.

1348 3925 1415 3989 Si
1462 3946 1592 4008 qua
1637 3926 1759 3990 fuit
1805 3926 2041 4006 virtu8‚
2097 3932 2361 4010 cuperet
2404 3946 2596 4008 quam
2641 3926 2882 3991 femina
2929 3926 3209 4010 prudens
3650 3937 3735 3985 ΠΙ
3782 3939 3925 3998 (xu)

1521 4049 1666 4094 esse
1712 4048 1932 4108 suam,
1986 4049 2162 4094 soror
2208 4029 2329 4094 hae
2376 4028 2670 4113 Dryadia
2715 4029 3001 4094 eminuit.

1344 4133 1500 4214 quin
1547 4132 1737 4198 etiam
1786 4134 2020 4197 multas
2067 4133 2328 4214 habuit.
2382 4153 2544 4214 quas
2593 4152 2787 4198 sexus
2835 4133 3073 4197 habere

1519 4236 1738 4300 fortior
1783 4242 2036 4320 optaret
2079 4236 2512 4319 nobilitasque
2558 4236 2799 4301 virum:

1213 4361 1238 4399 5
1346 4340 1534 4405 docta
1579 4340 1737 4405 satis
1782 4339 2108 4422 vitamque
2155 4341 2296 4404 eolu
2344 4340 2707 4423 famamque
2754 4340 2955 4420 tueri,

1518 4442 1706 4507 doeta
1754 4443 1951 4507 bonos
1997 4463 2206 4508 mores
2252 4443 2398 4528 ipsa
2442 4463 2721 4525 suosque
2768 4444 3039 4508 doeens:

854 4682 948 4736 12.
1020 4688 1050 4734 3
1087 4689 1154 4736 ef.
1195 4688 1318 4735 xm
1359 4688 1406 4749 2,
1451 4688 1544 4744 o&
1589 4688 1737 4735 xlm
1778 4687 1806 4735 4

853 4768 948 4824 18.
1021 4772 1050 4820 :3
1087 4774 1263 4832 Quint.
1294 4775 1334 4824 1.
1363 4776 1421 4824 Ο.
1453 4775 1538 4822 vl.
1569 4775 1790 4822 Prooem.
1826 4773 1887 4822 io
1923 4774 2021 4820 iarn
2050 4810 2060 4821 .
2097 4809 2109 4823 .
2140 4810 2151 4822 .
2189 4779 2399 4822 certos
2438 4788 2492 4822 ae
2518 4775 2822 4822 deformatos
2849 4776 3044 4823 fruetus
3068 4775 3353 4822 ostenderat
3567 4772 3624 4821 14
3666 4773 3736 4832 ‘'f-
3768 4773 3919 4821 schol.

669 4859 823 4907 Ovid.
861 4861 935 4907 lb.
977 4859 1078 4908 302
1103 4861 1167 4909 E.

853 4941 951 4996 14.
1024 4946 1055 4993 5
1091 4948 1245 5006 Verg.
1288 4948 1415 4994 Aen.
1460 4947 1582 4994 VIII
1621 4946 1722 4996 409
1749 4961 1858 5009 sqq.
1899 4949 1980 4995 cui
2017 4949 2225 4996 tolerare
2263 4950 2367 4995 eolo
2405 4949 2555 4995 vitam
2596 4985 2609 4996 .
2642 4985 2653 4996 .
2690 4983 2701 4995 .
2744 4949 3036 5010 impositum
3077 4984 3088 4995 .
3121 4983 3134 4996 .
3165 4983 3211 5006 .‚
3255 4955 3445 4994 castum
3495 4952 3553 4993 ut
3601 4959 3799 4993 servare
3835 4961 3927 4994 eu·

670 5034 778 5079 bile
812 5033 1035 5092 coniugis
1069 5069 1083 5081 .
1119 5070 1130 5081 .
1167 5069 1178 5081 .
1220 5035 1380 5095 possit

851 5252 948 5307 12·
1018 5257 1050 5306 4
1090 5265 1143 5305 et
1169 5272 1298 5319 pene
1334 5258 1384 5318 V,
1427 5265 1478 5305 et
1505 5260 1650 5319 plene
1677 5257 1858 5319 Κυμὼ,
1899 5262 1953 5304 et
1978 5260 2156 5320 plenae
2183 5258 2375 5318 Deum,
2414 5265 2466 5306 at
2490 5260 2566 5305 vel
2593 5265 2649 5306 ut
2674 5259 2853 5321 plenae
2886 5259 2990 5305 Tol!
3201 5259 3431 5318 exequiis
3468 5258 3507 5303 V
3532 5260 3569 5318 (i
3595 5260 3684 5305 alt.
3715 5272 3772 5306 ea:
3795 5259 3837 5318 s)

851 5339 950 5395 18·
1022 5344 1052 5393 2
1091 5328 1287 5408 inrupis
1333 5345 1384 5407 V,
1427 5358 1489 5393 en
1529 5344 1726 5405 rumpis
1763 5345 2014 5404 Heinsius,
2058 5347 2279 5406 erumpis
2317 5359 2431 5406 (ρος
2473 5361 2543 5394 an
2579 5352 2771 5394 maturo
2809 5381 2823 5394 .
2856 5381 2869 5395 .
2903 5380 2915 5392 .
2957 5346 3120 5392 dolore
3157 5346 3441 5406 inrumpis?
3670 5343 3699 5391 8
3739 5345 3929 5393 inflatis

682 5431 912 5477 Heinsius
1193 5431 1256 5479 lo
1293 5436 1391 5492 qui
1440 5432 1477 5477 V
1518 5433 1564 5492 (-
1598 5427 1692 5491 m2)
1966 5430 2018 5478 11
2063 5433 2327 5480 artificium
2373 5433 2413 5477 V
2450 5433 2667 5492 (artius-is
2702 5429 2795 5492 m2)
3066 5430 3189 5493 hee*
3225 5413 3302 5478 est
3352 5432 3388 5477 V
3437 5432 3531 5488 (est
3566 5434 3800 5493 expunxit
3834 5429 3924 5492 m‘2)

683 5514 744 5563 ¹2
779 5511 1099 5576 suppositura
1145 5517 1186 5562 V
1395 5515 1457 5564 16
1494 5507 1749 5578 ⁰¹sequias
1794 5517 1833 5562 V

849 5596 944 5651 14·
1017 5602 1220 5650 Driadia
1265 5603 1306 5648 V
1513 5602 1543 5651 2
1579 5604 1770 5651 driadi·
1807 5617 1905 5651 non
1947 5604 2220 5664 (driadiana
2257 5601 2348 5665 m2‚
2388 5601 2464 5652 m³
2499 5603 2676 5652 deinde
2712 5617 2813 5650 non
2851 5603 2967 5662 del.)
3013 5605 3118 5651 ruit
3148 5604 3200 5660 V,
3247 5603 3463 5662 Dryadia
3500 5605 3686 5651 enituit
3730 5605 3928 5651 Gronov·

673 5686 834 5745 υοὶρο,
877 5687 964 5736 Dr.
1006 5689 1224 5735 eminuit
1258 5701 1374 5748 (ρος
1416 5702 1484 5734 tm
1520 5688 1645 5736 hanc
1681 5690 1772 5738 Dr.
1813 5692 2046 5742 emeruit,
2090 5691 2223 5750 quod
2258 5693 2462 5738 coniecit
2500 5690 2761 5750 Heime'm3
2803 5689 2874 5749 es.
2915 5692 2998 5748 3⁰,
3040 5693 3103 5746 3;
3150 5689 3269 5736 XVI
3307 5692 3387 5750 92),
3433 5693 3497 5738 97
3771 5692 3798 5740 4
3840 5693 3926 5736 ob-

671 5777 805 5821 uret
855 5772 893 5817 V
1098 5773 1127 5819 5
1164 5775 1267 5822 eolo
1314 5774 1352 5819 V
1392 5775 1436 5834 (o
1472 5775 1560 5821 alt.
1603 5789 1661 5821 ez
1699 5791 1729 5821 u
1767 5773 1854 5833 m2)
