4630 6435
778 459 930 523 XVI
2170 460 2627 515 Paeonmvm.

951 686 1080 734 ante
1118 698 1170 735 a.
1211 695 1482 737 cccnxxv
1539 683 1752 750 scripta
1808 688 1897 736 est
1951 683 2196 750 epistula
2250 684 2325 737 ad
2361 683 2627 737 Vrsulum
2691 683 2918 745 (XVIII,
2974 681 3046 738 cf.
3088 704 3142 740 v.
3185 689 3261 748 3),
3318 687 3468 739 inter
3524 685 3671 740 hunc
3726 704 3925 740 annum
3981 693 4039 740 et

1604 782 1951 822 cconxxxnl
2001 769 2438 835 epigrammata,
2494 768 2698 837 quibus
2730 769 2985 823 Gratiani
3026 770 3222 824 laudes
3258 771 3641 834 continentur,
3698 772 3744 824 Ι.
3787 773 3890 826 111.
3933 771 4042 826 VII

1609 859 1667 907 et
1702 871 1753 907 e.
1794 854 1875 908 VI
1913 855 1971 907 in
2006 853 2464 909 Valentinianum
2501 871 2734 923 puerum
2771 873 2822 908 a.
2864 869 3122 908 cchxn
3158 861 3350 910 natum

951 965 1025 1017 ad
1063 981 1115 1017 a.
1157 977 1550 1027 cccnxxvnn,
1593 980 1704 1034 quo
1743 966 2096 1019 consulatum
2133 966 2315 1032 gessit
2337 964 2644 1029 Ausonius,
2684 966 3017 1021 referendae
3046 975 3176 1021 sunt
3202 968 3565 1022 Precationes
3608 969 3708 1032 (VI
3734 974 3793 1022 et
3816 968 3942 1031 VII)
3985 976 4041 1022 et

1600 1051 1926 1106 Gratiarum
1951 1053 2102 1105 actio
2141 1051 2340 1116 (VIII).
2407 1053 2591 1106 eidem
2618 1069 2761 1107 anno
2788 1055 2877 1107 vel
2906 1054 2976 1116 ei,
3008 1054 3103 1123 qui
3130 1055 3460 1122 praecessit,
3492 1054 3928 1109 adscribendum
3955 1059 4040 1107 est

1604 1137 1938 1205 Epicedium
1975 1139 2031 1191 in
2068 1145 2288 1205 patrem
2334 1138 2434 1200 (XI
2462 1141 2510 1201 2,
2554 1137 2627 1192 cf.
2658 1157 2711 1194 v.
2741 1141 2850 1203 415),
2892 1158 2943 1194 a.
2985 1153 3358 1196 CCCLxxvnu
3395 1157 3622 1195 carmen
3652 1142 3723 1195 de
3753 1142 4040 1194 herediolo

1609 1221 1755 1286 (XII,
1800 1222 1872 1277 cf.
1903 1221 2188 1290 praem-⁵).
2227 1253 2297 1262 —
2335 1225 2535 1278 eodem
2573 1242 2718 1279 anno
2756 1226 2846 1280 vel
2885 1239 3154 1280 cccnxxx
3195 1228 3407 1294 scripta
3445 1233 3534 1280 est
3570 1228 3815 1296 epistula
3851 1227 4035 1290 XVII,

1607 1326 1717 1378 qua
1753 1307 2043 1365 Ausonius
2082 1310 2403 1379 Symmachi
2441 1311 2648 1366 litteris
2686 1311 2881 1379 Capua
2918 1314 2992 1366 ad
3029 1329 3089 1366 se
3128 1314 3279 1367 datis
3322 1313 3362 1376 (I
3402 1314 3483 1374 31)
3528 1314 3838 1381 respondit.
3913 1329 4037 1366 nam

1604 1392 1921 1464 Symmachi
1962 1396 2208 1464 epistula
2245 1396 2317 1449 ad
2354 1396 2417 1449 id
2455 1401 2676 1463 tempus
2699 1395 3002 1450 referenda
3028 1404 3132 1460 est,
3176 1414 3287 1467 quo
3312 1396 3598 1452 Ausonius
3621 1397 4038 1466 praefecturam

1603 1481 1913 1534 Galliarum
1940 1481 2283 1548 deposuerat
2313 1480 2406 1538 (cf.
2437 1480 2645 1552 Symm.
2675 1483 2702 1536 Ι
2722 1485 2805 1546 31,
2837 1500 2891 1552 p.
2922 1485 3001 1544 17,
3035 1487 3092 1534 15
3115 1483 3171 1537 S.
3207 1488 3374 1552 ‘ergo
3399 1485 3498 1538 tali
3526 1485 3758 1552 negotio
3783 1485 4038 1553 expende

1604 1567 1781 1620 otium
1821 1567 2044 1630 tuum’).
2122 1568 2231 1621 iam
2270 1567 2531 1623 conferas
2568 1568 2888 1638 Symmachi
2927 1570 3226 1638 epistulam
3271 1570 3474 1632 (111692,
3517 1587 3627 1639 qua
3663 1571 3759 1624 ille
3796 1571 4033 1632 Iuliane,

1605 1654 1699 1721 qui
1739 1669 1863 1706 eum
1903 1653 1972 1706 de
2013 1652 2207 1707 fratris
2245 1662 2425 1707 morte
2461 1671 2562 1723 per
2600 1655 2822 1709 litteras
2861 1657 3185 1711 consolatus
3218 1663 3356 1719 erat,
3402 1658 3712 1725 respondit.
3776 1657 3919 1711 obiit
3943 1674 4039 1711 au-

1608 1744 1721 1791 tem
1754 1738 2015 1792 Celsinus
2040 1739 2321 1801 Titianus,
2364 1741 2682 1810 Symmachi
2722 1741 2919 1804 frater,
2962 1743 3068 1797 sub
3106 1741 3269 1796 finem
3308 1743 3438 1795 anni
3477 1757 3769 1797 cchxxx.
3835 1761 3946 1813 qua
3979 1745 4037 1796 in

1611 1825 1854 1893 epistula
1894 1840 2017 1878 cum
2056 1831 2253 1893 aperte
2289 1827 2542 1880 imitatus
2580 1829 2655 1881 sit
2691 1828 3058 1897 Symmachus
3086 1833 3160 1896 (p.
3194 1831 3276 1894 71,
3307 1831 3386 1887 32)
3426 1829 3619 1893 verba,
3662 1845 3807 1898 quac
3844 1832 3900 1883 in
3923 1825 4040 1882 Au-

1613 1911 1755 1964 sonii
1784 1911 2031 1978 epistula
2061 1911 2249 1975 (XVII
2279 1913 2323 1973 l)
2355 1912 2616 1979 leguntur
2655 1919 2847 1982 ‘quam
2885 1914 3183 1968 delenifica
3219 1920 3277 1968 et
3313 1931 3476 1984 quam
3515 1916 3694 1969 suada
3727 1914 4034 1976 facundia',

1611 2013 1696 2058 ea,
1727 2012 1872 2065 quae
1901 1996 1971 2049 de
1997 2001 2268 2063 tempore,
2311 2012 2421 2065 quo
2447 1998 2662 2065 scripta
2687 2004 2776 2053 est
2801 2001 3046 2066 epistula
3071 2000 3254 2063 XVII,
3299 2001 3437 2064 dixi,
3479 2003 3619 2055 satis
3646 2000 4039 2055 confirmantur

954 2123 1006 2159 a.
1051 2104 1169 2159 fere
1205 2119 1477 2160 CCCLxxx
1513 2107 1757 2176 scriptus
1795 2115 1885 2161 est
1918 2109 2308 2174 Protrepticus
2352 2108 2561 2173 (XIII);
2604 2108 2676 2163 cf.
2718 2110 2989 2165 Brandes.
3034 2112 3068 2164 l.
3113 2127 3160 2166 c.
3201 2129 3257 2179 p.
3299 2115 3365 2164 60
3402 2113 3534 2167 adn.
3576 2114 3623 2174 2,

955 2216 1100 2269 inter
1135 2234 1186 2270 a.
1227 2231 1497 2271 oeenxxx
1536 2225 1596 2272 et
1630 2231 1973 2272 cecnxxxm
2010 2218 2289 2289 praefatio
2326 2221 2398 2274 ad
2435 2222 2704 2276 lectorem
2748 2224 2893 2286 (ΙΙΙ),
2936 2221 3008 2278 cf.
3051 2243 3104 2278 v.
3146 2225 3211 2274 34
3249 2231 3309 2278 et
3346 2227 3429 2286 37,

951 2345 1001 2380 a.
1043 2342 1366 2382 cecnxxxn
1415 2330 1759 2399 epigramma
1805 2332 1875 2385 de
1926 2330 2090 2385 fastis
2145 2332 2356 2396 (XXII)
2407 2334 2655 2387 tertium.
2743 2335 2979 2402 primum
3030 2337 3101 2389 ad
3154 2337 3491 2403 Hesperium
3542 2335 3833 2390 Ausonius
3882 2336 4034 2388 misit

1593 2433 1739 2470 anno
1775 2430 2149 2472 eccnxxvuu
2205 2417 2295 2480 (cf.
2340 2422 2423 2484 9);
2476 2424 2675 2486 postea
2728 2425 2795 2484 (a.
2837 2427 3205 2485 cecnxxxm)
3259 2424 3315 2475 in
3367 2423 3625 2491 Hesperii
3677 2423 3861 2475 locum
3898 2420 4034 2473 Gre-

1595 2504 1739 2570 gorii
1779 2503 2081 2557 substituit
2117 2520 2319 2558 nomen
2361 2503 2454 2566 (cf.
2496 2506 2770 2560 Brandes.
2815 2508 2850 2560 l.
2893 2523 2941 2561 c.
2982 2524 3037 2575 p.
3081 2511 3138 2560 61
3184 2510 3313 2562 adn.
3358 2513 3429 2571 3),

955 2628 1004 2663 a.
1047 2624 1396 2665 cccnxxxm
1433 2613 1543 2666 iam
1582 2614 1831 2675 devicte,
1872 2616 1974 2668 sed
2009 2615 2285 2670 incertum
2324 2623 2509 2671 utrum
2549 2618 2837 2672 etiamtum
2877 2618 3008 2674 vivo
3044 2634 3115 2672 an
3142 2620 3251 2672 iam
3278 2619 3468 2672 occiso
3493 2619 3764 2674 Gratiano
3791 2619 4033 2687 epistula

1605 2700 1659 2753 II
1706 2698 1802 2762 (cf.
1844 2701 2118 2756 Brandes.
2158 2703 2195 2756 1.
2240 2718 2288 2757 e.
2331 2719 2386 2770 p.
2428 2706 2493 2754 68
2532 2705 2663 2758 adn.
2710 2706 2812 2766 10),

947 2815 1080 2878 post
1115 2828 1166 2864 a.
1209 2824 1552 2874 coemtxxv,
1606 2814 1666 2867 id
1715 2816 1866 2883 quod
1913 2815 2024 2868 iam
2073 2831 2245 2884 supra
2290 2816 2558 2878 diximus,
2613 2816 3004 2872 Professorum
3039 2818 3530 2885 Burdigalensium
3581 2818 4033 2871 commemoratio

1606 2899 1798 2962 (XVI).
1870 2902 2191 2956 Parentalia
2228 2909 2417 2958 autem
2456 2909 2514 2958 et
2550 2903 2854 2974 Epitaphia
2895 2905 3024 2968 (XV
3051 2910 3110 2958 et
3136 2904 3341 2967 XVII),
3383 2906 3490 2958 etsi
3530 2921 3598 2958 ea
3634 2905 3875 2974 quodam
3913 2905 4033 2959 vin-

1595 2986 1721 3039 culo
1770 3001 1896 3040 cum
1942 2989 2189 3042 carmine
2238 2989 2340 3043 illo
2392 2991 2683 3044 coniunxit
2730 2989 3020 3044 Ausonius
3076 2989 3167 3054 (cf.
3210 2991 3348 3044 XVI
3396 2993 3436 3055 l,
3484 2992 3539 3054 13
3584 2990 3752 3044 XVII
3795 2993 3873 3054 1),
3924 3005 4032 3042 nou

1594 3071 1790 3125 eodem
1840 3088 1984 3126 anno
2031 3080 2157 3128 orta
2205 3092 2362 3138 esse,
2416 3076 2519 3130 sed
2569 3077 2821 3144 longiore
2872 3077 3113 3146 quodam
3166 3076 3436 3143 temporis
3472 3076 3771 3131 intervallo
3808 3094 3841 3128 a
3878 3073 4025 3127 Prof.

1596 3157 1772 3212 Burd.
1817 3162 2348 3214 commemoratione
2387 3161 2599 3216 distare
2638 3163 2922 3219 videntur.

949 3272 1079 3335 post
1115 3286 1165 3322 a.
1206 3281 1595 3324 cceLxxxvm
1633 3285 1856 3325 carmen
1891 3273 2044 3340 quod
2081 3272 2412 3328 inscribitur
2448 3274 2599 3328 Ordo
2638 3274 2856 3328 urbium
2894 3275 3165 3329 nobilium
3220 3275 3485 3338 (XVIIII,
3540 3274 3613 3329 cf.
3656 3292 3749 3329 vv.
3791 3277 3855 3325 68
3882 3282 4025 3344 sqq.)

1595 3363 1653 3410 et
1691 3357 1942 3424 epistula
1977 3359 2050 3412 ad
2086 3358 2468 3414 Theodosium
2509 3359 2652 3425 (113⁰)

949 3483 999 3518 a.
1041 3479 1353 3519 oc‹:1,xxxx
1401 3467 1811 3522 Genethliacon
1856 3470 1931 3523 ad
1980 3475 2242 3538 nepotem
2288 3471 2493 3535 (XIIII)
2547 3473 2865 3539 composuit
2910 3470 3199 3527 Ausonius
3253 3472 3344 3533 (cf.
3386 3474 3660 3527 Brandes.
3702 3475 3738 3527 l.
3781 3489 3830 3527 c.
3871 3491 3925 3542 p.
3965 3477 4028 3524 60

1590 3556 1719 3609 adn.
1762 3557 1813 3617 2)
1873 3562 1935 3610 et
1987 3558 2061 3611 ad
2119 3559 2378 3611 Latinum
2436 3559 2782 3625 Drepanium
2836 3560 3106 3614 Pacatum
3164 3560 3551 3629 proconsulem
3606 3561 3761 3615 misit
3812 3560 4028 3614 Ludum

1593 3646 1812 3708 septem
1869 3637 2191 3710 sapientum
2240 3643 2384 3707 (XX)
2448 3650 2507 3697 et
2549 3644 3067 3712 Technopaegnion
3123 3646 3364 3708 (XXVII
3408 3648 3473 3711 1).
3550 3647 3651 3700 sed
3709 3663 3837 3700 num
3890 3646 4027 3700 haec

1594 3727 1839 3780 carmina
1888 3743 1956 3780 eo
2003 3728 2225 3782 demum
2275 3746 2420 3783 anno
2471 3730 2797 3797 conscripta
2842 3732 2984 3792 sint,
3039 3731 3301 3785 dubitare
3348 3732 3501 3785 licet.
3577 3738 3732 3785 certe
3776 3731 4031 3785 Techno-

1591 3813 1874 3880 paegnion
1911 3830 2023 3868 non
2060 3815 2239 3869 solum
2278 3813 2509 3875 Pacato,
2552 3816 2656 3869 sed
2695 3817 2867 3870 etiam
2904 3817 3140 3871 Paulino
3178 3818 3505 3871 dedicatum
3543 3824 3632 3871 cst
3672 3817 3914 3881 (XXVII
3952 3819 4024 3875 2).

1593 3898 1686 3966 qui
1725 3913 1849 3951 cum
1894 3900 2005 3953 iam
2043 3917 2094 3955 a.
2136 3914 2553 3956 CCCLxxxvnu
2590 3903 2645 3954 in
2682 3902 3012 3969 Hispaniam
3050 3905 3377 3965 secesserit,
3435 3903 3588 3963 haud
3624 3901 3792 3957 facile
3831 3902 4028 3956 credas

1591 3980 1907 4039 Ausonium
1957 4002 2067 4039 uno
2117 4003 2262 4041 anno
2298 3993 2460 4055 post,
2516 4003 2639 4040 cum
2679 3986 2948 4042 Paulinus
2986 3988 3306 4043 intermisso
3344 3990 3658 4044 litterarum
3696 3989 4028 4062 commercio

1593 4070 1838 4124 animum
1887 4087 1954 4125 ac
2005 4073 2381 4141 cogitationes
2419 4090 2552 4129 suas
2590 4074 2662 4128 ab
2699 4074 2821 4128 eius
2857 4075 3009 4129 modi
3048 4076 3216 4129 rebus
3254 4082 3580 4139 avocasset,
3636 4077 3708 4130 ad
3747 4092 3872 4130 eum
3910 4090 4028 4128 car-

1590 4172 1715 4209 men
1755 4157 1897 4211 illud
1932 4159 2154 4213 misisse
2177 4202 2189 4223 ‚
2234 4174 2358 4212 cum
2394 4160 2733 4228 praesertim
2772 4161 2827 4212 in
2865 4161 3140 4228 epistula,
3184 4178 3348 4231 quam
3385 4162 3673 4231 praefixit,
3715 4177 3905 4215 carum
3944 4176 4028 4213 re-

1595 4259 1746 4306 rum,
1790 4244 1859 4297 de
1899 4245 2105 4314 quibus
2144 4250 2259 4299 tum
2296 4246 2506 4300 litteris
2544 4247 2618 4300 ad
2655 4248 2894 4300 amicum
2931 4247 3121 4300 missis
3160 4249 3531 4317 querebatur,
3585 4264 3654 4302 ne
3692 4249 3872 4304 verbo
3908 4247 4025 4316 qui-

940 4550 985 4612 5)
1032 4553 1313 4602 Ausonium
1350 4558 1500 4603 etiam
1537 4563 1653 4618 post
1690 4571 1895 4618 annum,
1937 4572 2034 4619 quo
2071 4560 2385 4608 consulatum
2423 4562 2595 4623 gessit,
2639 4574 2693 4608 se
2730 4560 2987 4609 consulem
3019 4560 3183 4609 dicere
3208 4561 3435 4622 potuisse
3461 4565 3686 4621 apertum
3714 4565 3809 4608 est.
3875 4574 4023 4621 quam

771 4638 832 4683 ob
881 4652 982 4686 rem
1034 4653 1096 4687 ex
1149 4653 1236 4701 ec,
1292 4643 1424 4702 quod
1475 4657 1528 4691 se
1575 4645 1830 4692 consulem
1878 4647 2105 4693 nominat
2146 4647 2200 4694 in
2244 4648 2414 4694 libello
2459 4646 2648 4709 alique,
2702 4648 2910 4695 minime
2961 4646 3124 4705 colligi
3162 4650 3323 4710 potest
3359 4646 3504 4693 illum
3539 4645 3599 4692 ad
3636 4646 3802 4707 ipsum
3839 4660 4023 4693 aunum

771 4734 1095 4772 cchxxvnn
1131 4729 1449 4776 referendum
1487 4744 1614 4779 esse.
1690 4732 1740 4778 id
1779 4732 1908 4792 quod
1946 4734 2170 4793 pertinet
2205 4732 2268 4780 ad
2305 4734 2550 4794 epistulas
2586 4735 2659 4782 VI
2702 4735 2780 4796 (cs.
2824 4749 2871 4781 V.
2920 4734 3002 4795 1),
3041 4733 3169 4780 XIII
3213 4734 3295 4793 (cf.
3338 4747 3387 4782 v.
3434 4731 3517 4793 1),
3559 4732 3688 4793 quod
3728 4746 3922 4780 carmen
3960 4732 4024 4777 ti-

769 4810 907 4857 tulus
945 4813 1192 4872 epistulae
1228 4820 1434 4875 quartae
1471 4816 1690 4864 decimae
1728 4831 1839 4864 esse
1877 4817 2097 4877 videtur,
2139 4818 2234 4865 XV
2278 4820 2360 4880 (cf.
2403 4835 2450 4867 v.
2481 4820 2588 4881 30),
2629 4820 2727 4868 XX
2770 4821 2851 4882 (cf.
2896 4835 2974 4868 vv.
3012 4820 3041 4865 3
3070 4822 3223 4880 sqq.).
3308 4832 3363 4865 ac
3399 4819 3718 4866 confirmatur
3752 4832 3809 4865 ea
3845 4832 3939 4879 reS,
3982 4818 4025 4863 si

765 4894 888 4955 quid
937 4898 1106 4959 video,
1159 4900 1392 4960 epistulis
1430 4900 1581 4948 XIIII
1618 4909 1670 4951 et
1703 4902 1833 4963 XII,
1887 4917 2017 4964 quae
2062 4904 2232 4953 eodem
2285 4906 2389 4952 fere
2427 4912 2652 4967 tempore
2689 4907 3000 4966 conscriptae
3045 4907 3124 4965 (cf.
3168 4905 3320 4951 XIIII
3360 4902 3409 4965 2,
3453 4904 3550 4951 XII
3591 4903 3637 4965 5)
3681 4904 3812 4950 haud
3852 4904 4025 4966 paucis

764 4983 912 5029 annis
949 4983 1140 5031 distant
1175 4987 1235 5032 ab
1273 4987 1489 5033 Ausonii
1526 4989 1806 5038 consulatu.
1881 5003 1995 5036 nam
2047 5003 2144 5050 quo
2180 4990 2324 5037 modo
2361 4990 2597 5039 Gratiano
2635 4992 2919 5051 imperante
2957 5004 3014 5038 ea
3050 4991 3265 5037 scribere
3302 4990 3523 5050 potuerit
3559 4991 3847 5049 Ausonius,
3899 5004 4024 5050 quae

765 5066 1002 5124 leguntur
1047 5070 1105 5117 in
1154 5073 1370 5132 epistula
1423 5072 1713 5121 duodecima
1765 5074 1889 5134 (dico
1933 5089 2108 5123 versus
2159 5076 2273 5124 illos
2312 5076 2376 5125 32
2403 5091 2543 5138 sqq.‚
2599 5078 2786 5138 quibus
2823 5082 2875 5124 et
2912 5090 3026 5125 suas
3065 5081 3117 5123 et
3152 5076 3297 5123 Pauli
3334 5077 3559 5123 fortunas
3595 5076 3885 5135 describit),
3935 5089 4023 5134 ego

765 5153 969 5213 quidem
1016 5169 1115 5203 non
1164 5157 1420 5217 intellego,
1496 5165 1549 5207 at
1592 5162 1763 5221 potuit
1807 5166 1941 5209 certe
1985 5168 2100 5223 post
2135 5161 2363 5210 Gratiani
2407 5162 2601 5211 cladem
2640 5163 2973 5211 facultatibus
3012 5164 3117 5209 suis
3154 5162 3288 5209 haud
3325 5163 3503 5209 leviter
3540 5161 3755 5211 adtritis.
3836 5162 4021 5209 accedit

766 5252 989 5287 summae
1028 5246 1307 5295 senectutis
1345 5246 1400 5292 in
1439 5260 1517 5294 vv.
1562 5244 1621 5294 31
1654 5261 1760 5308 sqq.
1804 5250 2216 5298 commemoratio,

938 5324 986 5387 6)
1029 5326 1120 5375 hoc
1155 5343 1350 5378 carmen
1388 5337 1440 5378 et
1476 5333 1747 5392 epistulam
1787 5328 2057 5383 Theodosii
2103 5334 2159 5395 (I)
2203 5336 2414 5382 fortasse
2450 5339 2562 5396 post
2597 5350 2642 5382 a.
2684 5347 3078 5393 cccnxxxxnn,
3120 5348 3218 5395 quo
3255 5348 3384 5381 anno
3424 5334 3650 5394 Eugenio
3689 5334 3885 5382 devitato
3919 5332 4022 5381 Va-

765 5411 1036 5460 lentiniani
1075 5414 1287 5463 iunioris
1324 5416 1524 5465 caedem
1562 5419 1703 5466 ultus
1739 5424 1818 5467 est
1855 5419 2179 5481 Theodosius,
2222 5422 2500 5481 conscripta
2536 5434 2646 5468 esse
2686 5422 2972 5483 suspicatus
3010 5426 3089 5468 est
3125 5421 3431 5468 Brandesius
3469 5420 3501 5467 l.
3545 5435 3588 5468 c.
3629 5434 3680 5479 p.
3717 5420 3776 5468 61
3820 5420 3936 5467 adn.
3966 5419 4015 5467 4.

765 5512 1066 5559 quamquam
1116 5502 1169 5548 in
1217 5515 1302 5561 ec,
1354 5503 1483 5564 quod
1519 5505 1777 5553 Ausonius
1814 5505 2147 5553 Theodosium
2197 5512 2389 5567 patrem
2427 5506 2703 5553 Romanum
2756 5506 3029 5567 appellavit
3069 5507 3135 5566 (11
3174 5504 3293 5566 21),
3348 5511 3539 5552 certum
3589 5505 3741 5553 huius
3786 5506 4022 5567 temporis

765 5596 864 5629 non
914 5586 1049 5632 inest
1097 5586 1359 5638 indicium.
1438 5603 1552 5637 nam
1596 5591 1686 5638 hoc
1735 5592 1940 5638 nomine
1985 5592 2136 5639 etiam
2186 5598 2296 5653 post
2345 5593 2603 5639 victoriam
2653 5592 2714 5638 de
2751 5591 2967 5639 Maximo
3017 5596 3317 5652 reportatam
3355 5604 3527 5637 ornare
3564 5593 3727 5653 potuit
3765 5592 4021 5639 Ausonius

768 5668 1105 5718 Theodosium
1150 5687 1206 5719 ae
1241 5676 1401 5721 multo
1437 5677 1541 5723 veri
1582 5677 1797 5724 similius
1834 5682 1913 5725 est
1948 5677 2083 5725 hunc·
2123 5678 2219 5724 iam
2260 5684 2373 5739 post
2412 5692 2592 5739 poenas
2630 5692 2657 5722 a
2693 5676 2912 5723 Maximo
2949 5678 3184 5737 repetitas
3222 5677 3513 5724 honorificas
3552 5678 3666 5724 illas
3702 5678 3759 5724 ad
3797 5678 4020 5723 Gratiani

765 5768 1131 5825 praeceptorem
1168 5766 1220 5806 et
1256 5761 1467 5807 amicum
1508 5763 1699 5809 litteras
1738 5763 1951 5811 misisse.
