4630 6435
1940 449 2402 508 Pssoossmvm.
3582 455 3802 523 XLIII

1540 676 1582 723 V
1994 676 2039 724 P
2532 681 2596 729 II
3306 685 3384 747 πβ

965 777 1029 827 20
1377 777 1698 831 Discutitur
1732 777 1966 831 Pauline
2004 784 2189 834 tamen
2920 782 3290 837 Discutimus.
3330 787 3420 837 set
3456 787 3520 837 tu
3554 786 3772 838 tantum

1505 878 1609 918 nec
1646 864 1812 931 culpa
1849 864 2082 919 duorum
2927 884 3075 933 reus,
3116 872 3208 923 ast
3244 884 3349 937 ego
3386 883 3608 938 semper
3643 872 3754 934 (om.

3253 972 3301 1006 v.
3345 957 3426 1019 21)

962 1071 1027 1121 24
1364 1070 1549 1125 Vnum
1586 1067 1885 1124 deficiente
1922 1072 2044 1139 pari
2083 1086 2208 1139 per-
2923 1074 3235 1131 Deficiente
3272 1075 3387 1130 alio
3421 1075 3602 1130 solum
3638 1091 3762 1145 per-

1572 1154 1718 1211 ferre
1755 1157 2006 1211 sodalem
3125 1160 3274 1217 serre
3310 1162 3556 1231 iugalem

892 1280 1094 1332 31—33
1677 1296 1776 1330 om.
1813 1282 1895 1329 VP

960 1402 1025 1451 53
1932 1419 2029 1453 om.
2062 1404 2107 1452 P
2989 1412 3197 1459 34—62
3231 1413 3278 1456 et
3311 1408 3554 1457 67-122
3589 1422 3685 1459 om.

889 1524 1093 1573 63-66
1675 1540 1771 1576 om.
1812 1525 1896 1573 VP

960 1642 1019 1692 91
1048 1656 1135 1713 sq.
1343 1604 1360 1617 ἱ
1934 1661 2032 1696 om.
2063 1647 2107 1694 P

930 1764 1027 1815 109
1633 1765 1952 1820 rhamnusia
2385 1783 2542 1822 mens
2577 1769 2759 1823 altera
3152 1839 3155 1842 ᾗ

934 1884 1028 1934 123
1323 1884 1399 1939 Et
1433 1886 1654 1957 quando
1690 1886 1800 1941 iste
1837 1902 1992 1941 meas
2028 1887 2265 1957 inpellet
2299 1888 2574 1957 (impleuit
2610 1891 2692 1953 Π)
2896 1889 2983 1943 En
3019 1889 3129 1943 erit
3166 1892 3229 1942 ut
3265 1854 3618 1942 nostras'hic
3654 1902 3792 1941 nun-

1788 1974 2016 2028 nuntius
2052 1990 2217 2029 aures
3061 1975 3182 2030 cius
3220 1973 3435 2029 excitet
3469 1987 3637 2027 aures

932 2092 1026 2143 128
1935 2110 2030 2146 om.
2064 2097 2110 2145 Ρ

933 2213 1028 2264 130
1381 2212 1586 2268 Totum
1623 2215 1975 2270 occursantis
2011 2216 2202 2285 populi
2239 2217 2621 2287 praeuertitur
2956 2216 3276 2271 Praeuertit
3312 2219 3546 2269 cunctos
3583 2221 3645 2269 ut
3681 2221 3739 2271 te

1894 2317 2095 2369 agmen
3026 2303 3400 2373 amplectatur
3435 2302 3666 2357 amicos.

723 2488 928 2567 Quam
975 2489 1261 2555 tabulam
1308 2487 1364 2555 si
1408 2489 1922 2574 perlustraveris,
1974 2492 2082 2556 vix
2125 2498 2281 2576 puto
2326 2512 2470 2558 cum
2502 2491 2773 2580 Peipero
2815 2493 2979 2577 (328)
3022 2470 3105 2559 de
3150 2490 3396 2577 duplici
3437 2490 3809 2557 recensione

552 2609 869 2693 epistulae
914 2610 1100 2675 XXV
1146 2610 1479 2694 cogitabis,
1530 2631 1801 2694 quarum
1846 2632 1976 2678 una
2029 2615 2211 2696 VPH,
2268 2614 2476 2680 altera
2520 2619 2623 2698 πβ
2667 2613 3067 2680 exhibeatur.
3146 2592 3339 2678 immo
3386 2617 3562 2698 patet
3604 2611 3809 2696 scrip-

550 2735 758 2795 turam
802 2730 869 2794 in
915 2733 1017 2812 πβ
1060 2728 1308 2796 lacunis
1353 2730 1776 2798 deformatam
1822 2752 1902 2799 ac
1944 2738 2184 2800 temere
2227 2732 2680 2820 interpolatam
2725 2754 2893 2800 esse.
2988 2732 3132 2818 quis
3178 2732 3349 2799 enim
3394 2711 3812 2818 persuadebit

551 2849 673 2916 sibi
717 2849 833 2916 tali
880 2850 1194 2935 epistula,
1262 2851 1474 2936 qualis
1516 2852 1585 2918 in
1629 2857 1731 2936 πβ
1775 2854 2046 2938 legitur,
2110 2855 2463 2921 Ausonium
2509 2854 2767 2921 Paulini
2813 2854 3044 2922 litteris
3089 2853 3500 2939 respondisse
3545 2873 3623 2918 ac
3665 2858 3811 2938 post

552 2992 635 3036 ex
696 2967 977 3055 epistula
1031 2970 1149 3037 illa
1191 2972 1343 3038 exili
1391 2993 1584 3055 sane,
1652 2974 1720 3041 in
1764 2995 1892 3057 qua
1937 2975 2234 3059 singulae
2280 2974 2638 3042 sententiae
2682 2974 2859 3041 haud
2902 2976 3067 3041 bene
3111 2974 3280 3040 inter
3321 2992 3393 3040 se
3437 2974 3802 3054 cohaerent,

550 3091 818 3157 alteram
866 3091 1241 3177 ampliorem
1285 3100 1482 3189 atque
1525 3101 1596 3160 ut
1636 3094 1730 3161 ita
1774 3095 1985 3161 dicam
2031 3095 2327 3162 omnibus
2372 3096 2655 3163 numeris
2700 3096 3061 3162 absolutam
3108 3094 3386 3161 fecisse?
3442 3116 3594 3161 nam
3637 3094 3811 3179 quod

553 3212 635 3280 de
680 3212 1014 3281 sententiis
1058 3214 1229 3280 male
1273 3213 1441 3281 inter
1483 3236 1555 3282 se
1598 3216 1862 3283 conexis
1908 3224 1974 3283 et
2016 3215 2186 3303 aptis
2232 3215 2388 3300 dixi,
2440 3216 2528 3302 id,
2580 3222 2653 3284 ut
2695 3215 2829 3283 alia
2873 3214 3198 3301 omittam,
3247 3215 3354 3282 vel
3399 3236 3475 3282 eo
3522 3236 3810 3301 compro-

550 3335 758 3418 batur,
808 3333 978 3419 quod
1022 3355 1128 3400 vv.
1183 3337 1438 3401 63—66
1497 3338 1676 3403 nullo
1735 3344 1923 3423 pacto
1982 3337 2293 3424 explicari
2353 3344 2644 3424 possunt.
2740 3357 2898 3421 quos
2955 3356 3184 3404 versus
3244 3336 3300 3403 si
3358 3356 3608 3403 mecum
3667 3342 3812 3421 post

552 3477 615 3520 v.
668 3459 750 3519 62
812 3455 1229 3521 collocaveris
1287 3457 1486 3523 verbo
1554 3458 1779 3544 ‘inpie'
1836 3459 1902 3525 in
1971 3458 2199 3544 ‘inpia’
2258 3465 2538 3542 mutato,
2616 3459 2745 3525 iam
2803 3457 3148 3542 intelleges
3204 3457 3419 3524 omnia
3478 3455 3808 3542 praeclare

552 3576 930 3643 consentire.
1025 3596 1152 3641 non
1198 3577 1367 3643 enim
1411 3578 1753 3645 Paulinum
1797 3579 2064 3666 impium
2111 3578 2269 3645 dicit
2310 3579 2657 3661 Ausonius,
2711 3579 2829 3646 sed
2873 3578 3063 3646 deam
3107 3575 3591 3656 Rhamnusiam,
3643 3587 3811 3660 quae

556 3696 621 3762 in
664 3696 905 3762 amicos
951 3715 1204 3762 summa
1261 3697 1504 3784 pietate
1562 3697 1937 3766 coniunctos
1997 3705 2176 3764 tanta
2233 3699 2506 3766 saevitia
2564 3704 2894 3783 grassetur
2949 3696 3397 3780 amicitiaeque
3454 3697 3801 3780 vinculum,

551 3838 675 3902 quo
719 3817 820 3883 illi
864 3817 1303 3901 continentur,
1369 3839 1663 3905 rumpere
1706 3839 1835 3886 non
1881 3819 2347 3887 verecundetur
2366 3873 2381 3904 ,
2444 3819 2513 3886 id
2554 3818 2728 3904 quod
2770 3818 2878 3885 vel
2924 3838 3001 3885 ex
3049 3818 3265 3885 verbis
3332 3818 3426 3885 ‘te
3472 3817 3806 3885 suadente‘

564 3939 643 4020 (v.
698 3940 801 4022 65)
852 3944 1144 4024 apparet,
1196 3959 1364 4023 quae
1409 3940 1722 4023 quomodo
1768 3941 1853 4006 ad
1897 3939 2237 4008 Paulinum
2282 3939 2510 4008 referri
2553 3939 2821 4026 possint,
2871 3959 3000 4006 non
3043 3938 3256 4006 video.
3352 3937 3408 4003 si
3451 3958 3603 4004 vero
3649 3938 3813 4004 haec

554 4064 723 4125 recte
768 4058 1100 4144 disputata
1142 4079 1289 4126 esse
1335 4061 1760 4145 concesseris,
1827 4061 2059 4129 ceteris
2102 4062 2404 4129 librorum
2450 4064 2625 4146 Ππβ
2670 4059 3001 4147 scripturis
3052 4059 3214 4125 nihil
3272 4058 3553 4141 tribues,
3617 4078 3811 4143 prae-

556 4175 773 4245 sertim
820 4199 963 4246 cum
1011 4182 1089 4244 H
1125 4187 1191 4246 et
1235 4186 1367 4265 πβ,
1422 4182 1533 4265 qui
1578 4182 1806 4248 XXIII
1852 4185 1912 4265 3,
1965 4183 2225 4248 XXIIII
2276 4186 2376 4266 12,
2437 4188 2531 4264 14,
2593 4186 2669 4247 16
2716 4181 3118 4267 conspirant,
3184 4179 3333 4246 aliis
3389 4178 3548 4245 locis
3607 4177 3809 4244 veluti

549 4299 776 4365 XXIII
818 4302 921 4382 33,
976 4301 1235 4365 XXIIII
1267 4305 1371 4384 68,
1424 4302 1613 4368 XXV
1649 4306 1789 4385 109,
1835 4306 1977 4386 123,
2022 4308 2141 4369 130
2188 4324 2382 4387 quam
2427 4302 2706 4369 maxime
2749 4301 3157 4368 dissentiant.
3237 4320 3316 4365 ac
3345 4307 3587 4383 quanta
3616 4298 3814 4365 fuerit

552 4419 953 4486 librariorum
996 4421 1063 4486 in
1108 4422 1394 4489 oratione
1437 4423 1838 4491 immutanda
1881 4423 2232 4507 temeritas,
2284 4445 2368 4491 ex
2397 4446 2459 4489 v.
2500 4428 2580 4490 68
2613 4423 2803 4509 epist.
2840 4422 3102 4487 XXIIII
3147 4420 3568 4504 cognoscitur,
3617 4440 3810 4504 quem

550 4540 618 4606 in
648 4543 725 4604 H
750 4540 949 4607 talem
979 4542 1113 4626 legi
1144 4562 1339 4629 supra
1366 4544 1645 4610 diximus
1699 4545 1985 4612 ‘Solatur
2019 4544 2251 4612 tacitas
2292 4545 2504 4611 defixo
2542 4542 2612 4610 in
2652 4549 2908 4629 pectore
2953 4544 3188 4625 curas',
3239 4542 3345 4608 vel
3376 4560 3458 4606 ex
3487 4560 3583 4622 eo,
3638 4539 3810 4624 quod

549 4661 626 4726 E.
663 4660 891 4727 XXIII
923 4666 961 4728 3
1013 4666 1219 4730 ‘tuam
1256 4715 1270 4729 .
1306 4715 1319 4729 .
1357 4716 1370 4729 .
1407 4665 1653 4731 uocem’
1700 4664 1918 4751 inepte
1962 4672 2272 4733 mutatum
2320 4671 2420 4732 est
2465 4664 2534 4730 in
2585 4668 2762 4730 ‘tuas
2798 4714 2813 4730 .
2849 4715 2862 4729 .
2899 4713 2912 4729 .
2949 4663 3216 4729 musas'.
3295 4681 3416 4728 nec
3445 4666 3599 4747 puto
3628 4659 3810 4744 quis-

550 4803 763 4866 quam,
818 4782 874 4848 si
920 4783 1268 4869 scripturas
1312 4804 1540 4852 versus
1591 4789 1668 4849 12
1713 4786 1902 4872 epist.
1953 4787 2216 4851 XXIIII
2256 4785 2326 4852 in
2382 4790 2479 4850 VP
2516 4790 2582 4851 et
2627 4787 2801 4868 Ππβ
2845 4783 3218 4869 inspexerit,
3272 4789 3412 4849 uter
3455 4799 3683 4848 versus
3726 4781 3808 4847 ab

552 4901 838 4969 Ausonio
895 4903 1218 4988 profectus
1278 4903 1394 4989 sit,
1460 4905 1799 4974 dubitabit.
1891 4928 2039 4972 nam
2100 4906 2405 4972 librorum
2462 4909 2557 4970 VP
2609 4905 2924 4988 scriptura
2966 4902 3284 4970 consentit
3326 4923 3469 4969 cum
3514 4901 3812 4968 versibus

553 5022 825 5108 Vergilii
896 5025 1061 5109 (Egl.
1112 5026 1146 5089 I
1192 5029 1272 5090 53
1306 5032 1469 5111 sqq.)
1498 5080 1512 5109 ,
1586 5046 1776 5111 quem
1833 5009 2156 5093 Ausonius
2221 5034 2293 5092 ut
2361 5025 2672 5093 sescentis
2737 5023 2888 5090 aliis
2952 5024 3074 5091 hoc
3139 5043 3394 5107 quoque
3459 5023 3599 5089 loco
3661 5021 3812 5086 imi-

552 5151 724 5211 tatus
782 5151 914 5228 est,
983 5145 1272 5212 codicum
1332 5149 1509 5230 Ππβ
1562 5152 1775 5214 autem
1836 5148 2024 5214 lectio
2083 5169 2125 5213 a
2178 5147 2491 5213 monacho
2549 5145 2837 5231 profecta
2893 5148 3028 5227 est,
3093 5143 3204 5228 qui
3260 5164 3418 5230 apes
3475 5143 3809 5228 Hyblaeas

555 5265 784 5332 eadem
844 5266 1091 5332 ratione
1148 5266 1626 5351 exterminavit,
1693 5288 1821 5352 qua
1874 5268 1944 5334 in
1988 5272 2065 5333 H
2117 5270 2195 5333 E.
2244 5268 2434 5333 XXV
2484 5270 2604 5332 109
2673 5264 3104 5331 ‘rhamnusia’
3164 5264 3233 5329 in
3300 5266 3514 5330 ‘mens
3571 5260 3806 5329 altera’

555 5393 865 5452 mutatum
911 5394 1031 5454 est.

724 5509 801 5573 In
846 5508 1149 5576 Oratione
1192 5517 1408 5577 autem
1454 5515 1531 5574 Π
1570 5530 1716 5576 cum
1772 5512 1820 5573 V
1856 5507 2179 5594 conspirat
2221 5527 2414 5591 quam
2460 5506 2758 5586 maxime,
2811 5504 2882 5570 in
2926 5504 3149 5590 primis
3194 5504 3262 5570 in
3306 5504 3620 5589 scriptura
3663 5523 3810 5569 ver-

552 5646 737 5693 suum
792 5634 811 5691 1
870 5635 936 5694 et
980 5631 1097 5708 84,
1164 5629 1288 5695 nisi
1332 5628 1504 5713 quod
1558 5629 1626 5695 in
1686 5629 1888 5695 altero
1945 5649 2059 5715 pro
2126 5626 2474 5694 ‘Consona‘
2544 5624 2848 5691 ‘Mistica'
2904 5625 3192 5709 praebet.
3287 5623 3390 5691 cui
3450 5623 3802 5709 scripturae

552 5755 724 5815 certe
769 5769 894 5814 non
939 5749 1198 5835 ineptae
1243 5770 1323 5816 ne
1368 5749 1524 5836 quid
1570 5747 1841 5834 tribuas,
1893 5768 1994 5833 ea,
2049 5767 2214 5833 quae
2260 5766 2459 5833 supra
2502 5743 2938 5832 exposuimus,
2990 5743 3354 5829 prohibent.

3330 5860 3396 5918 f.
