4630 6435
1968 443 2426 497 PROOEMIVM.
3727 436 3822 500 XI

570 671 741 735 vitae
801 670 1099 754 publicae
1157 670 1425 752 strepitu
1471 669 1921 734 delectaretur.-
2014 687 2204 748 quam
2253 666 2334 730 ob
2380 686 2511 730 rem
2557 666 2625 731 in
2670 684 2922 729 summa
2968 664 3282 745 dignitate
3331 664 3676 727 collocatus
3723 669 3822 725 ta-

569 810 718 856 men
763 809 888 854 non
934 790 1135 854 multo
1182 796 1327 874 post
1371 789 1670 854 civilibus
1716 786 2103 852 renuntiavit
2148 786 2378 851 officiis
2423 805 2499 850 ac
2543 785 2963 868 Burdigalam
3010 804 3081 849 se
3127 784 3427 864 contulit,
3497 790 3565 848 ut
3621 783 3818 848 vitam

570 911 852 993 quietam
913 916 1135 993 ageret
1196 910 1524 974 doctrinae
1587 907 1817 973 studiis
1864 906 2120 992 penitus
2167 906 2476 972 deditam.
2572 906 2899 971 crescebat
2942 912 3155 970 autem
3201 904 3267 968 in
3313 904 3452 969 dies
3498 923 3819 969 sacrorum

571 1030 1081 1097 Christianorum
1126 1030 1193 1095 in
1237 1030 1450 1094 animo
1495 1028 1635 1094 cius
1681 1027 1871 1093 ardor
1912 1027 2041 1108 ita,
2102 1034 2173 1091 ut
2213 1027 2342 1092 iam
2390 1046 2570 1091 sacro
2616 1026 2921 1092 lustratus
2966 1024 3139 1090 fonte
3188 1043 3257 1091 se
3303 1046 3344 1089 a
3388 1031 3572 1090 coetu
3617 1024 3823 1089 homi-

569 1170 848 1234 numque
906 1149 1267 1232 frequentia
1322 1148 1389 1213 in
1448 1146 1862 1213 solitudinem
1906 1147 2190 1231 recipere
2236 1146 2669 1212 constitueret.
2765 1145 3034 1210 secessit
3077 1144 3276 1227 igitur
3319 1164 3462 1210 cum
3507 1143 3823 1209 Therasia

573 1291 770 1336 uxore
816 1292 877 1335 a.
930 1288 1293 1336 cccnxxxx
1337 1268 1778 1351 Barcinonem,
1832 1267 1942 1332 ubi
1987 1288 2105 1351 per
2147 1273 2447 1350 quattuor
2491 1286 2693 1331 annos
2741 1271 3165 1330 commoratus
3213 1284 3354 1329 eam
3401 1265 3573 1330 vitae
3617 1284 3823 1347 agen-

570 1392 693 1457 dae
751 1390 1061 1457 rationem
1121 1391 1461 1476 amplexus
1519 1395 1647 1471 est,
1716 1395 1786 1453 ut
1842 1388 1911 1452 in
1966 1408 2176 1453 rerum
2239 1387 2600 1453 divinarum
2659 1386 3199 1472 contemplatione
3258 1394 3450 1469 atque
3495 1386 3820 1451 hominum

571 1532 926 1596 pauperum
985 1512 1260 1576 miseriis
1306 1510 1623 1604 leniendis
1669 1529 1920 1574 omnem
1967 1516 2233 1594 poneret
2278 1528 2538 1594 operam
2559 1510 2659 1592 13).
2754 1528 2948 1592 aegre
2993 1527 3144 1573 vero
3189 1507 3337 1573 tulit
3379 1506 3704 1573 Ausonius
3751 1526 3820 1572 se

568 1630 1035 1698 iucundissima
1078 1631 1268 1697 amici
1315 1630 1631 1696 carissimi
1678 1630 2140 1696 consuetudine
2184 1629 2503 1714 privatum
2550 1648 2696 1695 esse
2740 1634 2936 1710 atque
2982 1628 3240 1712 aegrius
3286 1627 3480 1694 etiam
3513 1627 3599 1708 id,
3653 1627 3823 1710 quod

569 1772 650 1817 ne
711 1751 972 1835 saepius
1028 1751 1287 1833 quidem
1348 1752 1771 1836 compellatus
1832 1749 2062 1815 litteris
2105 1750 2418 1816 Paulinus
2478 1740 2810 1833 rescripsit
2866 1755 3060 1831 atque
3115 1747 3436 1813 amicitiae
3497 1747 3818 1813 vinculum

568 1870 887 1956 dirupisse
930 1871 1289 1937 videbatur.

739 1992 872 2058 Sed
929 1992 1051 2057 hac
1108 1991 1441 2057 occasione
1499 1996 1677 2074 utar,
1742 1997 1813 2056 ut
1866 2011 2034 2074 quae
2092 1990 2259 2056 inter
2315 1997 2573 2056 mutuas
2616 1989 2887 2055 Ausonii
2948 1997 3012 2056 et
3055 1988 3313 2055 Paulini
3358 1988 3671 2072 epistulas
3716 2007 3821 2052 ra-

567 2112 776 2178 tiones
817 2112 1220 2178 intercedant
1262 2111 1601 2196 explicem.
1682 2131 1811 2194 qua
1855 2110 1938 2177 de
1982 2131 2051 2177 re
2097 2131 2239 2176 cum
2285 2110 2664 2176 dissentiam
2709 2130 2788 2175 ex
2834 2116 3017 2195 parte
3060 2110 3142 2174 ab
3183 2109 3300 2193 eis,
3352 2129 3517 2192 quae
3548 2109 3822 2173 Ebertus

567 2235 598 2298 Ι
645 2236 764 2296 287
800 2251 939 2315 sqq.
993 2232 1322 2314 disseruit,
1389 2233 1585 2316 paulo
1644 2231 1932 2315 longiore
1989 2231 2421 2315 disputatione
2478 2249 2641 2316 opus
2699 2249 2844 2295 esse
2903 2229 3175 2295 videtur.
3270 2251 3348 2295 ac
3404 2229 3676 2314 primum
3721 2228 3823 2293 in-

567 2351 948 2435 quirendum
995 2358 1115 2433 est,
1167 2352 1398 2433 quibus
1429 2351 1697 2416 Ausonii
1740 2351 1971 2417 litteris
2000 2351 2310 2416 Paulinus
2358 2350 2639 2416 carmine
2686 2349 2934 2415 decimo
2978 2349 3400 2435 responderit.
3482 2356 3611 2414 tres
3649 2348 3820 2413 enim

568 2472 651 2538 ab
696 2472 903 2537 amico
948 2491 1019 2538 se
1064 2472 1393 2557 accepisse
1441 2472 1597 2538 dicit
1639 2471 1954 2556 epistulas
2000 2492 2063 2536 v.
2116 2476 2150 2534 7
2188 2490 2284 2554 sq.
2313 2522 2328 2549 ,
2398 2489 2668 2552 quarum
2714 2492 2845 2535 una
2889 2469 3030 2536 sine
3074 2469 3270 2535 dubio
3315 2489 3396 2534 ea
3440 2468 3592 2550 fuit,
3653 2488 3819 2551 quae

566 2593 634 2656 in
690 2592 814 2657 hac
873 2590 1152 2657 editione
1212 2598 1311 2656 est
1365 2592 1674 2658 vicesima
1725 2598 1982 2675 quarta,
2051 2592 2122 2657 id
2164 2592 2339 2675 quod
2381 2592 2513 2657 iam
2558 2611 2639 2657 ex
2685 2611 2759 2656 eo
2803 2590 3232 2674 intellegitur,
3296 2589 3465 2672 quod
3507 2589 3837 2669 Paulinus,

567 2713 762 2779 verbo
823 2712 1029 2796 primo
1099 2711 1391 2789 ‘Quarta'
1454 2713 1646 2779 huius
1706 2713 2026 2798 epistulae
2085 2712 2338 2779 initium
2383 2712 2706 2796 designat.
2799 2711 2970 2777 adde
3016 2711 3186 2795 quod
3228 2711 3395 2776 inter
3439 2730 3510 2776 se
3557 2728 3822 2795 respon-

568 2832 721 2899 dent
780 2832 960 2917 apud
1001 2833 1345 2898 Paulinum
1389 2854 1451 2899 v,
1506 2838 1543 2897 5
1611 2832 1975 2899 ‘salutifero
2035 2833 2275 2898 libello'
2338 2839 2403 2898 et
2463 2833 2639 2917 apud
2682 2832 3039 2898 Ausonium
3085 2852 3147 2895 v.
3199 2836 3238 2895 4
3292 2830 3693 2914 ‘salutigeris
3739 2830 3821 2895 li-

566 2953 804 3019 bellis'.
899 2952 1016 3018 sed
1070 2973 1195 3034 quo
1254 2952 1439 3018 modo
1497 2972 1736 3036 quaeso
1793 2953 1975 3035 queri
2035 2953 2241 3038 potuit
2298 2952 2610 3017 Paulinus
2666 2952 2747 3018 de
2806 2951 3105 3032 Ausonii,
3173 2951 3281 3035 qui
3338 2957 3468 3016 tres
3529 2950 3616 3016 ad
3673 2971 3818 3016 eum

568 3073 850 3139 misisset
907 3072 1254 3157 epistulas,
1322 3073 1726 3138 cessatione‘.>
1811 3093 1939 3138 non
1998 3073 2195 3156 igitur
2250 3080 2578 3156 tamquam
2630 3071 2886 3137 Paulini
2943 3071 3148 3157 ipsius
3207 3071 3405 3136 verba
3460 3070 3821 3155 accipiendi

568 3200 715 3259 sunt
771 3212 998 3260 versus
1059 3212 1174 3259 sex
1228 3193 1382 3258 inde
1441 3213 1482 3259 a
1541 3193 1744 3278 primo
1796 3192 1865 3259 in
1911 3193 2100 3260 huius
2146 3193 2456 3279 epistula,
2527 3193 2643 3260 sed
2688 3194 2901 3278 potius
2947 3191 3215 3259 Ausonii
3260 3193 3498 3259 blande
3543 3192 3818 3258 amicum

567 3314 965 3398 obiurgantis
985 3364 1000 3394 ,
1066 3334 1454 3398 quamquam
1513 3315 1581 3380 hi
1642 3334 1868 3381 versus
1927 3336 2054 3380 non
2097 3316 2180 3380 ab
2226 3315 2511 3380 Ausonio
2555 3315 2696 3400 ipso
2741 3315 3009 3400 profecti
3055 3320 3232 3396 sunt,
3302 3314 3420 3380 sed
3464 3334 3506 3378 a
3547 3314 3819 3378 Paulino

567 3434 658 3500 ita
702 3435 1100 3518 concinnati,
1165 3408 1235 3500 ut
1276 3435 1370 3500 eis
1416 3455 1542 3500 non
1587 3435 1847 3520 singula
1892 3436 2121 3519 verba,
2175 3435 2293 3501 sed
2338 3435 2715 3501 sententiam
2762 3455 3015 3516 eorum,
3068 3455 3233 3517 quae
3279 3436 3529 3517 legerat
3570 3432 3637 3497 in
3684 3434 3821 3498 Au-

571 3555 736 3620 sonii
794 3555 1103 3639 epistula,
1172 3554 1494 3621 redderet.
1587 3563 1734 3640 post
1792 3575 2047 3621 versum
2093 3562 2345 3621 sextum
2391 3562 2608 3622 autem
2654 3555 2926 3620 fortasse
2971 3554 3288 3637 quaedam
3333 3553 3810 3632 interciderunt,

571 3695 712 3741 cum
758 3694 925 3757 quae
973 3680 1273 3740 secuntur
1317 3695 1458 3740 cum
1504 3676 1606 3740 his
1650 3676 1941 3741 versibus
1987 3676 2097 3740 vix
2140 3676 2305 3740 bene
2354 3675 2706 3741 consociari
2750 3675 3020 3759 possint.
3113 3675 3244 3739 iam
3295 3673 3466 3757 quod
3509 3673 3819 3738 Paulinus

571 3796 763 3879 paulo
809 3801 954 3879 post
1008 3797 1086 3878 (v.
1143 3797 1181 3857 9
1214 3797 1379 3881 sqq.)
1449 3795 1605 3861 dicit
1645 3795 1999 3862 Ausonium
2047 3796 2391 3861 subamara
2435 3795 2755 3878 quaedam
2801 3800 2866 3861 et
2909 3815 3143 3879 aspera
3188 3794 3483 3861 dulcibus
3526 3795 3819 3861 blandis-

563 3937 687 3998 que
732 3914 1104 3994 miscuisse,
1155 3914 1224 3980 id
1269 3935 1461 3999 quam
1505 3917 1783 3982 maxime
1829 3915 2004 3981 cadit
2042 3915 2110 3980 in
2157 3916 2500 3999 epistulam
2542 3916 2724 3981 illam
2770 3915 3230 3981 Ausonianam.
3325 3915 3603 3999 denique
3646 3915 3819 3981 Pau-

565 4035 734 4100 linus
779 4043 1001 4120 aperte
1046 4035 1147 4101 his
1192 4035 1484 4101 versibus
1536 4041 1656 4100 104
1712 4037 1857 4120 (156
1890 4056 2057 4120 sqq.,
2103 4038 2274 4118 191),
2322 4039 2463 4118 106,
2507 4038 2647 4117 108,
2694 4040 2815 4100 109
2840 4055 3006 4120 sqq.,
3054 4041 3172 4101 162
3215 4037 3409 4120 (196),
3453 4039 3572 4101 163
3612 4037 3810 4120 (197),

567 4159 710 4238 203,
765 4158 890 4218 223
923 4174 1022 4239 sq.
1073 4156 1190 4220 hos
1235 4155 1555 4239 significat
1596 4155 1665 4219 in
1708 4156 1979 4221 Ausonii
2022 4155 2306 4240 epistula
2348 4175 2573 4222 versus
2622 4160 2725 4240 72,
2779 4161 2883 4240 49,
2937 4161 3018 4220 52
3043 4176 3212 4239 sqq.,
3268 4158 3368 4238 73,
3417 4160 3523 4238 71,
3562 4160 3661 4238 69,
3705 4160 3807 4238 51,

566 4280 643 4338 57
679 4294 819 4358 sqq.
891 4275 1063 4340 unde
1128 4276 1258 4341 iam
1316 4275 1468 4359 quin
1527 4275 1840 4341 Paulinus
1896 4276 2239 4360 epistulam
2297 4277 2563 4341 XXIIII
2622 4298 2814 4360 quam
2872 4275 3151 4342 maxime
3208 4283 3358 4342 ante
3417 4278 3634 4342 oculos
3695 4277 3816 4342 ha·-

565 4395 803 4475 buerit,
870 4396 1125 4460 omnino
1183 4395 1460 4461 dubitari
1517 4416 1643 4461 non
1703 4401 1934 4480 potest.
2027 4395 2294 4461 alterius
2355 4397 2672 4481 epistulae
2716 4398 3128 4463 Ausonianae
3189 4418 3386 4462 unum
3444 4404 3542 4463 est
3582 4397 3650 4461 in
3695 4398 3816 4462 hoc

566 4516 846 4580 carmine
907 4515 1285 4599 vestigium,
1353 4515 1499 4581 dico
1558 4535 1813 4582 versum
1866 4519 2019 4598 192,
2087 4537 2212 4598 quo
2257 4516 2678 4601 designantur
2719 4539 2833 4600 ea,
2901 4539 3067 4601 quae
3112 4518 3179 4582 in
3224 4518 3541 4602 epistulae
3586 4517 3813 4583 XXIII

564 4654 625 4699 v.
678 4638 750 4699 31
819 4634 902 4700 de
958 4635 1273 4701 Therasia
1328 4635 1534 4702 facete
1594 4635 1886 4718 quidem,
1960 4636 2077 4701 sed
2135 4635 2229 4701 ita
2285 4643 2354 4702 ut
2410 4638 2670 4703 aculeos
2724 4638 3110 4723 impingeret
3152 4639 3474 4703 Ausonius
3535 4638 3806 4704 dixerat.

562 4754 789 4820 tertiae
834 4773 999 4837 quae
1044 4775 1119 4819 eo
1164 4762 1448 4840 tempore
1493 4755 1576 4820 ad
1623 4755 1959 4821 Paulinum
2006 4755 2204 4821 missa
2247 4757 2442 4822 etiam
2488 4777 2657 4822 nunc
2699 4764 2875 4823 extat
2919 4758 3236 4842 epistulae
3280 4759 3467 4823 XXV
3519 4758 3700 4823 nulla
3742 4758 3811 4823 in

563 4873 680 4940 hoc
723 4874 1008 4940 carmine
1053 4881 1153 4941 est
1197 4875 1606 4958 significatio
1702 4896 1849 4941 nam
1909 4896 2075 4958 quae
2120 4875 2459 4942 intercedit
2499 4877 2666 4943 inter
2708 4899 2770 4942 v.
2825 4880 2950 4941 232
2982 4897 3081 4960 sq.
3132 4884 3198 4943 et
3240 4877 3559 4960 epistulae
3603 4879 3813 4943 Auso-

561 4994 793 5060 nianae
836 5016 901 5060 v.
953 4996 1034 5059 88
1066 5014 1164 5078 sq.
1216 4995 1568 5062 similitudo
1623 4995 1726 5081 (cf.
1763 4996 2016 5078 Peiper.
2056 4998 2197 5080 326)
2255 5017 2332 5063 eo
2378 4998 2752 5083 explicatur,
2815 4998 2983 5082 quod
3028 4998 3353 5064 Ausonius
3397 4999 3464 5063 in
3507 4998 3630 5063 hac
3674 4998 3814 5082 epi—

562 5115 730 5179 stula
772 5115 1027 5180 Paulini
1087 5135 1347 5182 carmen
1406 5117 1709 5200 respexit.
1809 5115 1879 5180 id
1936 5117 2109 5199 quod
2165 5117 2363 5183 facile
2420 5118 2818 5202 intellegitur
2874 5119 3002 5200 eiS,
3070 5139 3237 5203 quae
3280 5119 3604 5184 Ausonius
3650 5118 3814 5183 dixit

561 5253 667 5300 W.
703 5237 782 5299 87
817 5255 981 5318 sqq.,
1037 5256 1180 5300 cum
1224 5236 1481 5301 Paulini
1526 5236 1830 5303 carminis
1874 5258 1977 5302 vv.
2017 5240 2136 5300 221
2169 5257 2309 5320 sqq.
2363 5239 2639 5304 collatis.
2733 5258 2901 5322 quae
2945 5240 3000 5305 si
3047 5246 3217 5304 recte
3262 5239 3588 5323 disputata
3633 5245 3802 5318 sunt,

561 5354 758 5420 verba
801 5354 1069 5421 Ausonii
1134 5356 1229 5440 (E.
1283 5356 1541 5421 XXIIII
1594 5359 1643 5441 1)
1724 5356 2042 5434 ‘Quarta
2098 5357 2216 5423 tibi
2276 5359 2439 5424 haec
2496 5366 2679 5424 notos
2737 5359 2982 5425 detexit
3037 5359 3314 5443 epistula
3369 5362 3656 5442 questus’
3718 5359 3811 5423 ita

734 5647 814 5712 13)
855 5652 920 5700 cs.
961 5651 1023 5700 A.
1067 5652 1219 5702 Busa.
1260 5654 1285 5701 1
1326 5649 1422 5702 153
1447 5666 1587 5714 sqq.;
1640 5653 1816 5703 Ebert.
1868 5653 2186 5713 Allgemeine
2221 5652 2521 5704 Geschichte
2567 5655 2656 5703 der
2693 5657 2968 5704 Littcntur
3013 5656 3100 5703 des
3135 5654 3453 5702 mittelalters
3490 5656 3558 5702 im
3594 5653 3809 5702 Abend-

562 5732 708 5781 lando
742 5736 766 5782 1
803 5734 901 5786 284
928 5750 1036 5798 sqq.

3316 5839 3394 5892 b.
