4630 6435
838 378 991 442 VIII
2230 378 2691 433 PROOEMIVM.

1005 600 1150 665 Iure
1211 599 1408 683 igitur
1465 599 1529 664 in
1590 601 1941 683 gratiarum
2002 600 2254 667 actione
2313 601 2395 666 de
2455 601 2823 679 consulatu,
2900 621 3066 684 quae
3127 601 3300 667 dicta
3357 610 3458 668 est
3514 602 3814 667 Treveris
3877 622 4098 668 mense

832 720 1126 803 Augusto
1189 720 1342 785 anni
1402 737 1824 787 cccnxxvnn
1885 721 2058 806 apud
2116 721 2564 806 imperatorem
2611 720 3026 804 Gratianum,
3091 740 3160 786 se
3222 728 3440 806 utpote
3501 722 3914 807 septuaginta
3958 723 4093 788 fere

830 860 1033 906 annos
1100 846 1322 906 natum
1389 840 1516 906 iam
1587 847 1913 907 senectute
1981 840 2339 907 confectum
2408 841 2622 907 dicere
2690 841 2895 925 potuit
2952 841 3273 909 Ausonius
3340 842 3515 925 (VIII
3563 848 3623 925 5,
3661 846 3795 923 Δ17;
3854 846 3914 925 6,
3976 847 4088 921 12;

838 963 936 1041 18,
991 963 1093 1045 20)
1148 967 1342 1045 atque
1387 962 1453 1027 in
1500 963 1888 1046 Protreptico
1932 962 2020 1027 ad
2063 963 2436 1047 nepotulum
2484 981 2667 1028 suum
2715 961 2946 1043 miss0,
3013 962 3120 1045 qui
3182 982 3304 1027 uno
3357 962 3492 1028 fere
3539 983 3706 1028 anno
3752 968 3899 1048 post
3944 983 4095 1030 con-

831 1080 1108 1166 scriptus
1153 1089 1271 1161 est,
1326 1082 1408 1148 de
1453 1082 1613 1151 senii
1663 1081 1976 1147 molestiis
2021 1082 2323 1165 conqueri
2385 1083 2561 1163 [XIII
2615 1087 2670 1164 1,
2729 1085 2841 1157 13,
2897 1085 2956 1163 2,
3013 1086 3144 1161 353».

1003 1202 1208 1267 Iulius
1253 1202 1579 1268 Ausonius
1625 1202 1933 1268 Cossione
1979 1203 2286 1267 Vasatum
2334 1202 2641 1268 oriundus
2687 1223 2766 1268 ex
2814 1201 3062 1267 familia
3107 1203 3161 1267 si
3206 1223 3334 1267 non
3380 1203 3648 1283 illustri,
3715 1211 3930 1270 tamen
3978 1204 4093 1269 ho-

831 1328 1017 1387 nesta
1073 1322 1190 1403 (III
1237 1329 1307 1400 ῦς
1365 1323 1459 1386 XI
1509 1326 1565 1401 2,
1623 1328 1696 1401 4ς
1753 1323 1906 1387 VIII
1953 1324 2013 1402 8,
2069 1325 2170 1405 3),
2237 1342 2380 1388 cum
2428 1322 2841 1406 Burdigalam
2900 1341 2968 1388 se
3031 1323 3438 1403 contulisset,
3507 1331 3571 1388 et
3630 1324 3929 1390 medendi
3978 1345 4093 1410 pe-

830 1441 981 1507 ritia
1040 1450 1104 1508 et
1164 1442 1484 1527 sapientia
1539 1463 1914 1525 morumque
1968 1442 2335 1526 integritate
2384 1451 2628 1509 tantam
2677 1443 2797 1508 sibi
2847 1442 3083 1508 famam
3131 1443 3532 1525 conciliavit,
3600 1453 3671 1510 ut
3714 1466 3841 1510 non
3886 1445 4090 1511 solum

828 1563 1299 1631 adscriberetur
1341 1564 1408 1628 in
1454 1570 1746 1629 senatum
1795 1564 2364 1647 Burdigalensem‚
2431 1564 2547 1630 sed
2608 1563 2802 1629 etiam
2862 1564 2926 1627 in
2987 1564 3228 1629 curiam
3275 1565 3626 1630 Romanam
3689 1573 3753 1631 et
3797 1572 4088 1632 senatum

828 1683 1239 1766 adlegeretur
1282 1691 1473 1766 atque
1520 1684 1828 1769 praefecti
1875 1684 2134 1768 Illyrico
2181 1684 2437 1749 nomine
2482 1691 2811 1749 ornaretur
2828 1686 2870 1764 ⁰)
2936 1685 3050 1765 (XI
3088 1687 3148 1764 2,
3189 1691 3225 1747 5
3252 1704 3350 1767 sq.
3397 1688 3510 1763 523
3567 1686 3684 1750 XV
3718 1689 3778 1765 3,
3819 1690 3857 1748 9
3885 1687 4082 1769 sqq).

828 1804 1143 1887 pecuniae
1203 1825 1329 1868 non
1390 1804 1660 1888 cupidus
1722 1805 2008 1870 modicas
2062 1812 2348 1883 tantum,
2418 1802 2533 1869 sed
2589 1824 2755 1885 quae
2813 1803 2936 1868 sibi
2991 1804 3255 1886 suisque
3302 1803 3669 1869 sufficerent
3714 1824 3870 1888 opes
3915 1825 4088 1870 com-

829 1923 1083 2007 paravit
1139 1925 1250 2005 (XI
1300 1928 1358 2001 2,
1413 1930 1487 1989 7:
1544 1925 1673 1989 XII
1720 1928 1777 2005 2,
1834 1927 1925 2007 9).
2004 1945 2267 1990 uxorem
2314 1924 2499 1989 duxit
2542 1923 2882 1989 Aemiliam
2932 1923 3241 1990 Aeoniam
3290 1924 3492 2007 Aquis
3538 1924 3924 2005 Tarbellicis
3970 1947 4084 1991 na-

828 2052 990 2125 tam,
1044 2044 1310 2110 Caecilii
1356 2045 1600 2128 Argicii
1645 2046 1927 2127 Arborii,
1980 2044 2362 2112 nobilissimi
2408 2045 2573 2110 inter
2617 2044 2923 2110 Haeduos
2970 2044 3110 2125 viri,
3165 2044 3383 2122 filiam,
3438 2045 3547 2126 qui
3592 2045 4085 2124 cum,Victorini

827 2173 892 2231 et
934 2165 1331 2231 Tetricorum
1389 2167 1784 2251 temporibus
1838 2167 2133 2232 omnibus
2192 2166 2378 2231 honis
2433 2165 2693 2230 amissis
2754 2165 2817 2229 in
2865 2165 3274 2249 Aquitaniam
3323 2185 3393 2230 se
3437 2166 3818 2251 recepisset,
3884 2167 3974 2233 ibi
4019 2168 4082 2233 in

825 2286 1126 2351 Tarbella
1184 2286 1443 2353 civitate
1503 2287 1903 2352 matrimonio
1958 2306 2172 2353 secum
2220 2287 2517 2352 iunxerat
2562 2285 2903 2352 Aemiliam
2951 2286 3341 2351 Corinthiam
3389 2287 3714 2365 Mauram,
3782 2307 3907 2352 non
3956 2288 4085 2351 for-

823 2411 1016 2471 tunae
1062 2406 1455 2485 muneribus,
1510 2406 1626 2472 sed
1674 2406 1984 2491 pudicitia
2029 2427 2106 2472 ac
2153 2406 2495 2471 severitate
2540 2413 2828 2471 ornatam
2890 2405 3025 2484 (XV
3076 2410 3135 2484 6,
3193 2410 3227 2468 7
3263 2424 3440 2489 sqq.;
3496 2411 3558 2486 7,
3614 2412 3650 2469 5
3684 2409 3882 2489 sqq.].

996 2526 1113 2589 His
1173 2525 1369 2609 igitur
1425 2533 1599 2592 ortus
1658 2527 2031 2611 parentibus
2077 2526 2381 2593 Decimus
2437 2546 2564 2590 non
2621 2532 2752 2590 tam
2808 2525 3029 2591 matris
3089 2545 3278 2606 quam
3340 2525 3527 2591 aviae
3573 2546 3726 2591 cura
3769 2526 4082 2594 educatus

821 2652 952 2723 est,
1020 2666 1223 2727 quae,
1289 2665 1433 2712 cum
1493 2667 1655 2712 avus
1713 2647 2102 2730 astrologiae
2161 2666 2404 2729 gnarus
2465 2645 2784 2712 sideribus
2843 2645 3166 2711 nataliciis
3219 2644 3693 2712 animadversis
3737 2655 3803 2713 et
3847 2648 4079 2713 notatis

821 2786 1120 2849 magnam
1168 2767 1250 2833 de
1295 2788 1492 2852 puero
1539 2786 1719 2853 spem
1768 2767 2199 2852 concepisset,
2254 2786 2504 2833 summa
2549 2754 2626 2832 in=
2663 2787 2743 2833 ea
2790 2787 2857 2833 rc
2903 2786 3058 2832 usus
3106 2775 3207 2832 est
3250 2766 3590 2850 diligentia
3634 2767 3760 2845 ita,
3831 2776 3900 2835 ut
3944 2768 4078 2834 dis-

820 2886 1101 2969 ciplinae
1147 2888 1589 2953 austeritatem
1636 2889 1749 2968 eis,
1805 2888 2039 2970 quibus
2083 2894 2268 2953 aetas
2314 2887 2581 2972 puerilis
2625 2886 2888 2970 gaudet,
2943 2887 3276 2952 blanditiis
3322 2886 3650 2971 sapienter
3692 2895 4080 2972 temperaret

828 3007 967 3083 (XV
1015 3011 1074 3087 6,
1136 3011 1208 3071 17
1243 3027 1422 3090 sqq.;
1481 3012 1540 3089 7,
1593 3011 1631 3071 9
1665 3010 1821 3091 sq.).
1914 3007 2311 3073 adiuvabant
2370 3014 2584 3073 autem
2647 3027 2789 3072 eam
2845 3014 3261 3092 sumptusque
3306 3007 3386 3072 de
3433 3006 3569 3072 suis
3615 3006 3735 3072 etsi
3782 3008 4074 3091 angustis

819 3127 1009 3191 rebus
1055 3128 1453 3211 praebebant
1498 3127 1778 3194 Aemilia
1824 3128 2075 3193 Hilaria
2119 3135 2462 3194 matertera
2508 3135 2573 3193 et
2615 3128 2783 3192 Iulia
2830 3127 3264 3212 Cataphronia
3317 3126 3550 3209 amita,
3618 3127 3901 3210 virgines
3962 3127 4078 3192 de-

818 3255 1034 3328 votae,
1085 3255 1281 3332 atque
1326 3249 1606 3313 Aemilia
1650 3247 1942 3331 Dryadia
1985 3257 2365 3330 matertera,
2419 3269 2585 3331 quae
2634 3268 2879 3313 summo
2924 3269 3194 3333 puerum
3241 3268 3457 3314 amore
3502 3250 3846 3333 amplexae
3892 3250 4077 3333 quasi

816 3376 1104 3435 materna
1150 3388 1304 3434 cura
1350 3369 1654 3435 fovebant
1708 3369 1847 3452 (XV
1880 3371 1940 3452 8,
1989 3375 2058 3432 11
2091 3389 2226 3453 sq.;
2282 3371 2386 3450 28,
2428 3375 2464 3432 5
2499 3389 2635 3452 sq.;
2692 3374 2796 3449 27,
2836 3373 2874 3433 9
2906 3371 3103 3452 sqq.l.
3199 3369 3326 3434 iam
3375 3389 3516 3435 cum
3565 3389 3646 3434 ex
3692 3369 4071 3436 feminarum

813 3490 1016 3555 tutela
1076 3489 1376 3570 exiisset,
1446 3489 1677 3556 litteris
1725 3489 1972 3556 Latinis
2016 3489 2347 3556 institutus
2394 3497 2492 3555 cst
2535 3511 2576 3555 a
2620 3490 2903 3556 Macrino
2947 3489 3366 3573 grammatico
3424 3490 3593 3568 (XVI
3647 3495 3742 3571 11,
3806 3494 3883 3554 12
3913 3491 4064 3574 sq.),

814 3608 1081 3674 Graecis
1140 3630 1181 3673 a
1227 3610 1529 3690 RomuIO,
1601 3610 1962 3692 Corinthio,
2030 3611 2435 3692 Menesthe0,
2503 3611 2594 3676 ita
2639 3617 2855 3676 tamen
2903 3616 2972 3675 ut
3015 3609 3079 3674 in
3128 3610 3394 3675 Graecis
3439 3630 3662 3693 parum
3711 3609 4061 3695 proficeret,

810 3727 881 3792 id
938 3729 1111 3811 quod
1154 3729 1294 3814 ipse
1341 3735 1613 3795 testatur
1664 3729 1907 3814 ingenii
1953 3730 2050 3795 sui
2098 3730 2462 3796 tarditatem
2510 3750 2824 3796 accusans
2879 3730 3050 3813 (XVI
3098 3734 3159 3810 9,
3219 3735 3238 3793 1
3285 3749 3450 3812 sqq.,
3508 3733 3546 3794 9
3578 3731 3775 3815 sqq.).
3870 3729 4071 3814 pluri-

812 3868 982 3913 mum
1042 3856 1256 3915 autem
1315 3850 1537 3916 debuit
1594 3850 1854 3916 Aemilii
1909 3851 2127 3933 Magni
2174 3851 2422 3915 Arborii
2485 3851 2781 3916 avunculi
2847 3871 3070 3932 curae,
3137 3850 3245 3932 qui
3307 3871 3452 3916 eum
3514 3850 3642 3915 iam
3704 3851 4059 3935 puerulum.

810 3989 954 4034 cum
999 3970 1066 4034 in
1111 3969 1217 4035 avi
1264 3970 1449 4035 domo
1496 3970 1901 4052 educaretur,
1973 3971 2344 4037 informavit
2401 3991 2478 4036 ac
2521 3991 2650 4036 non
2696 3971 2894 4037 multo
2939 3977 3085 4055 post
3127 3971 3406 4036 Tolosae
3453 3969 3821 4037 cathedram
3869 3989 4066 4036 nanc-

809 4096 913 4153 tus
960 4108 1035 4154 eo
1080 4090 1369 4172 vocavit,
1438 4097 1508 4155 ut
1552 4091 1690 4175 ipse
1738 4112 1881 4158 eum
1930 4092 2186 4158 dicendi
2232 4092 2594 4177 praeceptis
2641 4092 3032 4171 institueret,
3102 4092 3308 4175 patria
3353 4091 3537 4174 quasi
3585 4091 3850 4157 caritate
3903 4111 4067 4175 pue-

811 4228 946 4273 rum
1010 4211 1384 4294 complexus
1428 4210 1554 4291 ita,
1622 4218 1692 4276 ut
1737 4232 1877 4276 cum
1923 4213 2063 4295 ipse
2110 4212 2332 4278 liberis
2379 4219 2654 4294 careret,
2721 4212 2891 4276 hunc
2937 4211 3062 4276 sibi
3109 4211 3405 4277 sufficere
3453 4211 3807 4292 dictitaret,
3875 4217 4064 4293 atque

809 4348 889 4394 ex
934 4329 1180 4411 ingenii
1226 4330 1627 4412 scintilluliS,
1695 4352 1861 4416 quae
1906 4332 2032 4397 iam
2078 4340 2212 4399 tum
2257 4333 2327 4397 in
2370 4333 2484 4397 illo
2530 4331 2924 4412 emicabant,
2977 4343 3210 4414 magno
3256 4353 3403 4398 eum
3451 4331 3666 4398 decori
3711 4331 3845 4396 suis
3892 4330 4065 4396 futu-

807 4469 943 4513 rum
992 4468 1137 4514 esse
1182 4457 1535 4533 auguratus
1594 4451 1731 4530 {XV
1780 4458 1840 4532 5,
1899 4455 2194 4537 19sqq.f'1.

981 4571 1322 4654 Postquam
1369 4571 1563 4653 igitur
1608 4573 1828 4639 decem
1877 4573 2011 4639 fere
2043 4595 2244 4639 annos
2275 4575 2575 4651 Tolosae,
2629 4595 2820 4656 quam
2854 4572 3142 4639 altricem
3175 4593 3356 4638 suam
3389 4581 3578 4639 vocat
3617 4572 3887 4657 (XVIIII
3921 4574 4052 4656 98),

804 4692 868 4756 in
915 4693 1213 4758 avunculi
1263 4692 1605 4776 disciplina
1648 4693 1965 4777 transegit
1995 4694 2338 4776 AusoniuS,
2392 4714 2467 4759 eo
2512 4695 2652 4780 ipso
2696 4715 2884 4775 anno,
2938 4715 3062 4778 quo
3104 4693 3411 4759 Arborius
3443 4693 4056 4778 Constantinopolim

806 4812 1141 4894 migravit,
1206 4813 1269 4878 in
1332 4814 1602 4897 patriam
1663 4834 1959 4879 reversus
2018 4815 2102 4880 ad
2164 4834 2274 4896 ea,
2341 4835 2508 4897 quac
2568 4815 2695 4879 iam
2742 4815 3009 4880 Arborio
3068 4813 3231 4879 duce
3277 4814 3593 4894 coluerat,
3661 4813 3874 4900 studia
3917 4834 4060 4877 ora—

802 4933 968 4996 toria
1022 4932 1343 5015 incubuit,
1412 4933 1737 5018 magistris
1781 4935 1848 4999 in
1895 4955 1974 5000 ea
2018 4955 2085 5000 re
2134 4954 2288 4999 usus
2335 4934 2594 4999 Luciolo
2638 4934 2891 5000 rhetore
2947 4934 3118 5017 (XVI
3166 4939 3225 5012 4,
3286 4938 3336 5015 1}
3393 4942 3456 4999 et
3500 4933 3758 4998 Tiberio
3805 4933 4057 4997 Victore

801 5053 1112 5118 Minervio
1174 5060 1422 5119 oratore
1493 5054 1662 5135 (XVI
1711 5056 1782 5132 2,
1844 5057 1969 5135 11).
2082 5075 2249 5136 quae
2311 5054 2529 5120 studia
2587 5075 2726 5120 cum
2790 5076 2905 5139 per
2964 5055 3209 5138 aliquot
3266 5074 3467 5118 anuos
3527 5053 4046 5118 continuavisset.

800 5333 915 5380 nius
951 5347 1015 5380 ex
1053 5335 1157 5382 vita
1192 5340 1476 5382 excesserat
1510 5348 1666 5382 annos
1702 5335 2077 5394 duodetriginta
2114 5337 2232 5382 nata
2273 5334 2387 5393 (XV
2430 5332 2506 5392 11,
2553 5333 2602 5382 8.
2645 5333 2762 5396 25),
2816 5336 2869 5381 in
2908 5334 3067 5381 lucen·
3104 5333 3239 5380 edita
3277 5339 3355 5380 est
3389 5347 3434 5380 a.
3477 5345 3746 5380 cccxvrm.
3824 5346 3971 5393 quam
4007 5332 4048 5379 sl

799 5420 1088 5480 quindecim
1125 5434 1280 5468 annos
1318 5425 1482 5468 natam
1521 5421 1744 5469 Ausonio
1782 5422 2017 5482 nupsisse
2054 5422 2357 5481 statuimus,
2415 5421 2458 5468 is
2496 5426 2601 5469 turn
2640 5422 2738 5467 iarn
2775 5422 2957 5467 aetatis
2997 5434 3184 5467 annum
3221 5419 3514 5465 vicesimum
3552 5424 3784 5478 quartum
3822 5431 4051 5477 egressus

797 5512 929 5562 erat,
986 5507 1033 5552 id
1084 5508 1213 5567 qnod
1263 5507 1434 5554 horum
1486 5515 1762 5569 temporum
1813 5508 2171 5554 consuetudini
2223 5507 2391 5553 minus
2442 5507 2704 5553 convenire
2753 5506 2972 5553 videtur.
3048 5507 3132 5552 sed
3173 5505 3302 5552 nihil
3340 5506 3529 5564 obstat,
3579 5517 3675 5565 quo
3712 5505 3880 5551 minus
3916 5505 4049 5550 inter

798 5592 1075 5640 Parentalia
1113 5600 1164 5639 et
1204 5593 1540 5640 professorum
1580 5594 2017 5652 Burdigalensium
2057 5595 2569 5641 commemorationem
2609 5592 2798 5652 aliquot
2833 5606 2988 5639 annos
3028 5592 3372 5638 intercessisse
3409 5597 3664 5651 putemus.

969 5681 1016 5740 6>
1059 5694 1206 5740 quem
1246 5680 1477 5726 honorem
1515 5694 1629 5728 eum
1670 5695 1695 5726 a
1736 5680 2084 5727 Valentiniano
2122 5682 2164 5729 1.
2205 5681 2455 5741 accepisse
2491 5680 2733 5739 mispioor.
