4630 6435
771 417 896 478 212
2243 408 2495 466 AVSON
2500 409 2556 463 11

2137 685 2367 750 LVIII.
2417 684 2656 750 IDEM.

1444 825 1767 904 Daedale,
1822 844 1937 888 cur
1979 843 2150 888 vana
2194 821 2516 888 consumis
2562 821 2629 886 in
2674 828 2811 888 arte
2856 822 3187 887 laborem?
3960 841 4026 890 60

1614 948 1716 992 me
1762 927 1974 1011 potius
2018 925 2244 991 clausa
2289 926 2511 991 subice
2558 925 2900 1010 Pasiphae.
3940 927 4021 988 (ω)

1445 1032 1786 1097 illecebras
1831 1050 2025 1095 verae
2072 1029 2126 1093 si
2173 1029 2272 1095 vis
2319 1031 2504 1110 dare,
2561 1029 2888 1109 Daedale,
2943 1048 3211 1110 vaccae,

1620 1133 1773 1199 viva
1815 1131 1933 1198 tibi
1980 1132 2233 1218 species
2282 1152 2481 1198 vacca
2525 1132 2808 1218 Myronis
2855 1131 2994 1197 erit.

2114 1358 2378 1422 LVHII.
2439 1357 2680 1422 IDEM.

1439 1496 1651 1562 Aerea
1696 1496 2008 1579 mugitum
2056 1501 2308 1580 poterat
2352 1494 2509 1560 dare
2553 1514 2752 1560 vacca
2795 1494 3117 1579 Myronis,
3960 1515 4024 1564 64

1616 1598 1732 1665 sed
1776 1599 1959 1664 timet
2000 1597 2264 1663 artificis
2310 1597 2602 1664 deterere
2648 1597 3006 1681 ingenium.
3940 1601 4021 1659 (ω)

1442 1701 1684 1786 fingere
1728 1724 1877 1767 nam
1924 1701 2199 1768 similem
2245 1701 2435 1766 vivae
2482 1721 2673 1783 quam
2720 1700 2937 1766 vivere
2982 1701 3131 1785 plus
3176 1707 3306 1766 est:

1615 1827 1736 1872 nec
1779 1812 1927 1872 sunt
1971 1806 2144 1871 facta
2189 1804 2295 1871 dei
2341 1805 2540 1887 mira,
2594 1804 2708 1870 sed
2752 1804 3039 1870 artificis.

2175 2029 2313 2093 LX.
2373 2027 2613 2092 IDEM.

1442 2169 1647 2233 Aerea
1693 2170 1806 2233 bos
1854 2175 2194 2233 steteram:
2247 2171 2529 2232 mactata
2573 2172 2673 2230 est
2718 2185 2919 2231 vacca
2963 2166 3327 2248 Minervae,
3961 2185 4026 2234 65

1611 2272 1729 2338 sed
1775 2273 1900 2338 dea
1942 2270 2277 2356 proflatam
2326 2268 2655 2336 transtulit
2699 2268 2826 2334 huc
2868 2269 3173 2335 animam.
3940 2273 4024 2334 (ω)

1441 2383 1506 2442 et
1550 2375 1739 2442 modo
1785 2396 1926 2440 sum
1972 2375 2245 2460 duplex,
2300 2393 2454 2459 pars
2499 2393 2730 2455 aerea,
2784 2392 2936 2457 pars
2981 2373 3286 2440 animata.

1615 2478 1781 2544 haec
1826 2497 2055 2543 manus
2099 2476 2364 2542 artificis
2410 2475 2672 2557 (licitur,
2725 2475 2862 2552 illa,
2887 2475 3073 2542 deae.

2155 2699 2329 2765 LXI.
2392 2701 2633 2767 IDEM.

1441 2839 1612 2919 Quid
1655 2858 1791 2921 me,
1845 2845 2057 2920 taure,
2113 2858 2307 2924 paras
2354 2839 2570 2924 specie
2615 2838 2927 2924 deceptus
2970 2837 3180 2904 inire‘?
3962 2859 4028 2908 66

1611 2964 1736 3009 non
1782 2961 1922 3008 sum
1968 2962 2092 3027 ego
2139 2942 2392 3008 Minoae
2437 2942 2737 3008 machina
2781 2942 3163 3026 Pasiphaae.
3940 2946 4020 3006 (ω)

2142 3166 2349 3231 LXII.
2411 3166 2652 3231 IDEM.

1438 3307 1730 3372 Necdum
1776 3306 2018 3371 caduco
2063 3306 2232 3386 sole,
2286 3305 2417 3370 iam
2463 3306 2583 3370 sub
2630 3325 2899 3391 vespere
3963 3324 4026 3373 67

1440 3417 1664 3493 ageret
1708 3408 2015 3474 iuvencas
2063 3428 2206 3473 cum
2252 3408 2508 3473 domum
2558 3415 2777 3493 pastor
2822 3427 3008 3489 suae,
3941 3413 4024 3473 (ω)

1442 3531 1624 3577 suam
1671 3511 2051 3593 relinquens
2096 3531 2197 3576 me
2245 3511 2547 3576 monebat
2591 3517 2661 3576 ut
2704 3531 2909 3576 suam.

2127 3735 2366 3800 LXIII.
2424 3735 2665 3800 IDEM.

1441 3875 1648 3939 Vnam
1692 3874 2029 3939 iuvencam
2075 3879 2299 3959 pastor
2343 3872 2504 3938 forte
2550 3872 2854 3939 amiserat
3961 3893 4027 3942 68

1614 3995 2076 4058 numerumque
2121 3976 2338 4041 iussus
2383 3974 2657 4041 reddere
3944 3978 4025 4041 (ω)

1440 4100 1544 4146 me
1591 4079 1880 4146 defuisse
1926 4079 2469 4163 conquerebatur,
2525 4079 2706 4162 sequi

1611 4204 1778 4267 quae
1820 4182 2176 4249 noluissem
2223 4189 2494 4249 ceteras.

939 4412 1100 4460 LXII.
1177 4409 1206 4459 3
1244 4412 1315 4474 ef.
1358 4411 1514 4460 Anth.
1557 4411 1658 4461 Pal.
1700 4411 1853 4458 VIIII
1893 4409 1986 4458 731

941 4602 1123 4650 LVIII.
1200 4601 1339 4648 Idem
1379 4598 1507 4662 nm,
1559 4600 1637 4649 Ad
1674 4601 1949 4650 Daedalum
1987 4600 2049 4647 de
2087 4600 2263 4648 eedem
2302 4601 2486 4649 bucula
2528 4600 2690 4663 (aerea
2723 4600 2840 4649 add.
2881 4598 3043 4662 muv2)
3083 4598 3273 4649 muv²E
3304 4602 3467 4664 volyo,
3518 4600 3597 4650 De
3633 4602 3810 4649 eadem
3846 4602 4029 4649 bucula

767 4689 829 4737 sd
868 4688 1138 4736 Daedalum
1164 4706 1211 4751 v,
1252 4688 1451 4735 nullum
1486 4690 1664 4736 lemma
1698 4688 1739 4734 T
1948 4685 1969 4736 1
2012 4687 2321 4735 consummis
2353 4687 2394 4733 Τ
2603 4686 2633 4734 2
2671 4688 2902 4749 protinus
2932 4686 2974 4733 T
3180 4702 3330 4736 cause
3363 4703 3469 4750 mu,
3506 4688 3704 4737 clausae
3743 4689 3789 4735 E
3820 4689 3960 4749 volyo

765 4775 975 4837 pasiphe
1013 4771 1191 4834 Mv262,
1233 4774 1475 4836 pasiphae
1511 4780 1626 4837 eet.,
1664 4775 1938 4835 Pasiphaae
1977 4773 2107 4822 Med.
2147 4774 2289 4833 volyo
2500 4773 2529 4822 4
2569 4775 2715 4821 uiuat
2751 4775 2838 4821 ubi
2880 4773 2921 4820 Τ
3126 4775 3332 4822 mironis
3368 4773 3425 4820 M

940 4862 1152 4909 Lvnu.
1228 4861 1368 4909 Idem
1397 4858 1523 4923 Mb2‚
1567 4861 1644 4908 De
1680 4862 1852 4909 eadem
1878 4861 2103 4920 Myronis
2141 4861 2324 4908 bucula
2346 4877 2385 4925 χ
2407 4862 2568 4921 vomo,
2610 4862 2687 4908 De
2722 4861 2894 4909 eadem
2919 4860 3141 4920 Myronis
3176 4862 3363 4909 bucula
3397 4862 3500 4909 iam
3538 4861 3756 4909 habente
3794 4862 4027 4922 spiritum

769 4947 825 5009 E,
865 4948 1064 4996 nullum
1098 4947 1280 4995 lenuna
1319 4947 1360 4993 T
1567 4945 1589 4995 1
1633 4948 1844 4997 mironis
1882 4947 1937 4993 M
2144 4946 2174 4994 4
2215 4942 2332 5012 nec]
2368 4946 2487 4994 baec
2528 4945 2569 4993 T

939 5033 1048 5082 LX.
1124 5033 1268 5081 Idem
1291 5030 1419 5093 Mb2,
1443 5034 1518 5081 De
1538 5033 1713 5081 eadem
1738 5032 1931 5093 (eadem
1951 5048 2049 5082 om.
2071 5033 2118 5094 v)
2147 5033 2330 5081 bucula
2353 5032 2554 5095 (bucule
2574 5034 2676 5081 iam
2693 5034 2788 5093 vE)
2812 5034 3027 5083 habente
3046 5035 3284 5097 spiritum
3307 5033 3549 5095 (Myronis
3568 5032 3684 5082 add.
3708 5032 3814 5093 mu)
3838 5031 4022 5091 mqu,

768 5121 965 5169 nullum
987 5121 1166 5168 lemma
1196 5117 1308 5183 1¹0²,
1333 5120 1408 5169 De
1431 5120 1604 5169 eadem
1628 5120 1840 5168 buccula
1866 5119 1953 5181 Uy.
1969 5157 1982 5184 ,
2003 5121 2191 5169 Eadem
2216 5121 2402 5168 bucule
2418 5120 2478 5168 de
2504 5135 2558 5170 se
2583 5120 2746 5183 buyd.
2775 5122 2916 5183 volqo
3125 5120 3156 5170 2
3193 5122 3280 5169 sed
3305 5136 3338 5183 p
3366 5119 3475 5183 (del.
3497 5117 3590 5183 m2)
3621 5120 3716 5168 des
3733 5133 3821 5182 pro
3841 5120 3964 5168 flatu
3990 5119 4031 5165 Τ

938 5207 1073 5254 LXI.
1148 5207 1292 5254 Idem
1332 5203 1456 5265 Mb²‚
1512 5207 1589 5255 Ad
1628 5211 1828 5255 taurum
1864 5208 1927 5255 de
1965 5208 2143 5256 eadem
2179 5207 2363 5256 bucula
2396 5223 2464 5272 χ,
2501 5208 2703 5256 nullum
2737 5209 2919 5257 lemma
2959 5208 3030 5269 Τ,
3071 5207 3150 5256 Ad
3187 5212 3390 5257 taurum
3427 5207 3601 5255 eedem
3637 5208 3822 5255 bucule
3857 5205 4023 5267 Luyd.

764 5294 908 5353 volvo
1115 5291 1146 5341 2
1184 5293 1423 5355 pasiphae
1466 5294 1528 5355 T,
1567 5294 1778 5356 pasiphe
1816 5292 1874 5340 M

941 5378 1104 5425 LXII.
1178 5378 1316 5426 Idem
1345 5376 1473 5440 Mb2,
1511 5380 1588 5427 De
1613 5380 1786 5428 eedem
1812 5379 2031 5437 Myronis
2059 5380 2300 5441 (Myronis
2326 5394 2425 5429 om.
2451 5379 2499 5441 v)
2544 5381 2727 5429 bucula
2759 5382 2889 5442 (crea
2912 5380 3030 5430 add.
3059 5378 3127 5442 222)
3173 5397 3211 5446 χ
3236 5382 3400 5442 volve,
3437 5380 3637 5428 nullum
3664 5379 3845 5426 lemma
3873 5378 3932 5440 T,
3971 5381 4027 5426 in

766 5478 859 5526 quo
894 5463 980 5511 hoc
1014 5477 1214 5511 cannen
1249 5466 1571 5513 coniunctum
1605 5480 1720 5513 eum
1756 5465 2060 5514 antecedenti
2076 5484 2094 5527 ,-
2130 5466 2358 5515 distinxit
2392 5465 2669 5515 rubricator
2702 5467 2899 5514 lineolis
2925 5469 3223 5527 interpositis
3435 5464 3457 5513 1
3501 5447 3590 5530 5·βέ
3618 5465 3659 5511 Τ
3692 5466 3800 5528 (sub
3823 5464 4020 5523 mittio),

765 5565 854 5614 spe
893 5546 1019 5611 6162,
1060 5550 1155 5597 sub
1189 5546 1245 5595 υ2
1283 5550 1358 5611 (in
1391 5565 1490 5610 my.
1533 5552 1636 5614 spe)
1682 5556 1775 5600 eet.
1989 5552 2020 5601 3
2058 5554 2283 5601 minabat
2320 5554 2382 5601 A.
2423 5553 2588 5601 Loisel
2622 5553 2761 5613 volqo

937 5635 1121 5683 LXIII.
1195 5635 1338 5684 Idem
1375 5634 1504 5698 Mb2,
1553 5639 1631 5686 De
1682 5639 1853 5688 eadem
1892 5638 2112 5698 Myronis
2168 5638 2405 5700 (Myronis
2451 5652 2548 5688 om.
2588 5654 2619 5685 v
2663 5637 2755 5699 Uy.
2793 5637 2952 5702 υοιρο)
2998 5639 3178 5687 bucula
3223 5655 3261 5704 χ
3297 5641 3469 5703 volve,
3520 5640 3723 5689 nullum
3767 5639 3943 5689 lemma
3982 5637 4055 5705 T.

766 5721 796 5771 2
833 5724 977 5772 uisus
1019 5721 1060 5769 Τ
1271 5721 1300 5771 3
1339 5722 1665 5785 demisseque
1706 5724 1749 5771 T
1791 5724 1906 5787 (que
1944 5724 2041 5774 del.
2080 5722 2250 5785 minio)
