4630 6435
574 430 1053 489 MONOSTICHA
1079 435 1179 489 DE
1206 431 1594 491 AERVMNIS
1621 434 1998 491 HERCVLIS
2032 412 2345 501 (XXXIIl).
2422 436 2523 491 DE
2550 435 2887 491 RATIONE
2914 435 3197 492 LIBRAE
3230 438 3571 503 (XXXIIII).
3717 445 3834 504 155

1246 625 1376 691 iam
1422 625 1746 708 quincunx
1791 625 1908 691 tibi
1954 627 2172 692 nullus
2218 630 2370 709 erit,
2426 627 2483 692 si
2527 633 2806 713 †prama
2852 628 3151 695 revellas,

1248 735 1314 795 et
1358 729 1579 809 semiS‚
1637 729 1739 795 cui
1787 730 1983 795 semis
2029 730 2151 795 erit
2196 732 2614 815 pereuntibus
2659 732 2826 797 assis

1079 852 1140 893 25
1247 832 1580 918 partibus?
1625 839 1690 897 et
1734 833 1916 898 cuius
1962 833 2165 898 librae
2212 854 2363 918 pars
2410 834 2688 919 septima
2732 840 3053 920 septunx?

1247 936 1415 1002 libra
1457 936 1685 1020 igitur,
1738 943 1938 1003 totum
1986 936 2041 1001 si
2088 937 2268 1002 nulla
2312 938 2379 1003 in
2425 944 2608 1022 parte
2653 939 2949 1004 vacillet:

1248 1039 1549 1124 ponderis
1596 1046 1661 1105 et
1701 1040 1952 1105 numeri
2001 1061 2372 1123 morumque
2418 1062 2809 1125 operumque
2855 1050 2921 1109 et
2963 1063 3276 1126 aquarum

1248 1144 1448 1209 libra:
1509 1164 1629 1209 nec
1674 1150 1774 1209 est
1816 1143 2147 1223 modulus,
2203 1164 2394 1226 quem
2440 1165 2565 1210 non
2610 1145 2729 1211 hoc
2772 1146 3027 1212 nomine
3073 1146 3314 1231 signes.

1247 1247 1529 1328 telluriS,
1586 1247 1797 1313 medio
1843 1268 2008 1331 quae
2055 1248 2295 1332 pendet
2338 1247 2405 1313 in
2451 1255 2633 1330 aere,
2690 1249 2856 1314 libra
2900 1256 3001 1315 est

1079 1371 1139 1412 30
1248 1357 1313 1417 et
1358 1350 1513 1416 solis
1558 1351 1876 1435 lunaeque
1923 1351 2065 1416 vias
2110 1371 2228 1417 sua
2274 1351 2439 1417 libra
2483 1353 2799 1419 cohercet.

1246 1455 1410 1519 libra
1454 1454 1548 1520 dii
1594 1455 1924 1537 somnique
1971 1474 2159 1539 pares
2208 1455 2594 1522 determinat
2638 1457 2846 1538 horas,

1244 1558 1412 1624 libra
1456 1557 1841 1623 Caledonios
1889 1558 2029 1624 sine
2075 1559 2259 1624 litore
2307 1560 2590 1626 continet
2633 1567 2884 1626 aestus:

1245 1668 1313 1727 tu
1358 1681 1612 1744 quoque
1659 1669 1834 1727 certa
1878 1682 2070 1728 mane
2116 1683 2359 1728 morum
2407 1663 2563 1727 mihi
2610 1664 2775 1729 libra
2819 1684 3126 1730 meorum.

1068 2188 1423 2287 XXXV.
1497 2190 1640 2288 DE
1706 2189 2182 2287 RATIONE
2246 2190 2836 2289 PVERPERII
2899 2193 3352 2292 MATVRI.

1245 2419 1508 2503 Omnia,
1562 2442 1729 2504 quae
1773 2421 1952 2487 vario
1998 2442 2208 2487 rerum
2253 2421 2553 2488 metimur
2595 2422 2664 2487 in
2709 2431 2890 2506 actu,
3385 2446 3486 2497 369
3529 2448 3720 2508 (aglog.
3762 2449 3834 2510 11)

1244 2531 1555 2590 astrorum
1603 2525 1966 2592 dominatus
2010 2526 2178 2610 agit:
2231 2532 2615 2611 terrenaque
2658 2533 2904 2593 tantum
3575 2516 3651 2579 (V)

1244 2630 1531 2695 membra
1575 2630 1850 2711 homini,
1907 2650 1943 2696 e
1991 2630 2245 2715 superis
2289 2630 2547 2696 fortuna
2591 2637 2656 2696 et
2701 2632 2966 2715 spiritus
3013 2633 3224 2714 auris,

1246 2739 1515 2817 septeno
1560 2733 1954 2798 moderanda
2000 2734 2222 2799 choro:
2280 2741 2381 2801 set
2422 2734 2752 2818 praesidet
2795 2736 2942 2801 ollis

1110 2856 1137 2895 5
1243 2837 1501 2902 sortitus
1545 2836 1835 2921 regimen
1877 2836 2125 2903 nitidae
2169 2837 2281 2904 Sol
2327 2857 2561 2903 aureus
2607 2839 2896 2905 aethrae.

1242 2960 1363 3004 nec
1409 2939 1549 3005 sola
1590 2940 1660 3005 in
1704 2939 1889 3005 nobis
1935 2940 2302 3006 moderatur
2345 2947 2637 3025 tempora
2681 2941 2884 3023 vitae,

1247 3044 1398 3108 dum
1443 3044 1638 3109 breve
1685 3043 1945 3110 solliciti
1990 3043 2269 3129 spatium
2314 3044 2724 3130 producimus
2769 3046 2951 3112 aevi:

1245 3146 1526 3212 creditur
1570 3146 1980 3233 occultosque
2027 3156 2208 3213 satus
2253 3153 2320 3213 et
2362 3154 2653 3234 tempora
2697 3148 2871 3215 vitae

1244 3257 1531 3316 materno
1578 3251 1872 3318 ducenda
1917 3257 2098 3317 utero
2142 3250 2420 3317 formare
2466 3252 2746 3317 videndo

1080 3375 1137 3415 ιο
1245 3362 1311 3422 et
1350 3355 1632 3420 nondum
1679 3361 1939 3422 exortae
1984 3355 2167 3438 leges
2213 3376 2573 3439 conponere
2617 3356 2814 3422 vitae.

1244 3478 1520 3540 namque
1565 3458 1674 3521 ubi
1721 3465 2064 3542 conceptus
2110 3458 2383 3540 genitali
2425 3459 2738 3524 insederit
2780 3460 2961 3538 alv0,

1245 3561 1402 3627 haut
1446 3561 1709 3625 dubium
1757 3560 1958 3626 solem
2006 3561 2383 3644 cuicumque
2428 3561 2725 3627 insistere
2773 3563 2980 3645 signo.

1246 3664 1356 3747 qui
1404 3684 1546 3729 cum
1592 3663 1785 3729 vicini
1833 3663 2171 3729 stationem
2220 3664 2464 3748 ceperit
2504 3664 2692 3744 astri,

1246 3767 1581 3851 contiguos
1625 3766 1874 3832 nullum
1920 3766 2314 3832 transfundit
2357 3768 2576 3832 lumen
2621 3767 2686 3832 in
2733 3776 2930 3834 ortus.

1082 3894 1139 3933 ιε»
1246 3878 1349 3937 ast
1394 3871 1507 3936 ubi
1551 3870 1878 3937 conversis
1923 3877 2067 3954 post
2111 3876 2438 3936 menstrua
2483 3877 2774 3955 tempora
2819 3872 3091 3938 habenis

1247 3973 1501 4041 scandit
1543 3994 1861 4060 purpureo
1907 3974 2036 4039 iam
2081 3974 2274 4040 tertia
2321 3974 2535 4040 sidera
2579 3994 2797 4056 curru,

1247 4079 1510 4162 obliqua
1554 4078 1791 4144 exilem
1837 4077 2115 4144 demittit
2157 4077 2335 4144 linea
2379 4079 2620 4159 lucem,

751 4358 817 4408 29
852 4359 996 4411 ovid.
1040 4359 1161 4408 Met.
1207 4359 1231 4405 1
1274 4357 1334 4406 12
1362 4372 1438 4419 sq.
1489 4371 1582 4405 nec
1630 4358 1933 4406 circumfuso
1969 4356 2225 4420 pendebat
2259 4357 2312 4403 in
2352 4356 2465 4404 aare
2502 4358 2658 4405 tellus
2695 4358 2999 4419 ponderibus
3034 4359 3213 4406 librata
3250 4361 3356 4407 suis
3576 4358 3635 4408 31
3678 4361 3827 4420 Verg.

582 4447 757 4505 Georg.
798 4448 821 4493 1
861 4443 963 4495 208
1010 4446 1139 4494 libra
1186 4445 1270 4494 die
1305 4446 1567 4505 somnique
1615 4458 1759 4506 pares
1797 4445 1885 4492 ubi
1922 4444 2101 4492 fecerit
2136 4443 2280 4490 horas
2527 4443 2593 4493 32
2649 4445 2763 4493 Tac.
2807 4445 2929 4504 Agr.
2978 4444 3038 4493 10
3087 4446 3499 4507 septentrionalia
3535 4448 3646 4494 eius
3683 4446 3836 4493 nullis

577 4536 745 4580 contra
781 4534 929 4580 terris
967 4538 1105 4581 vasto
1141 4538 1292 4593 atque
1328 4537 1499 4592 aperto
1537 4533 1659 4578 mari
1695 4533 1966 4594 pulsantur

747 4619 966 4667 XXXV.
1044 4618 1065 4667 1
1115 4618 1266 4667 CenS.
1308 4618 1371 4667 de
1407 4618 1491 4666 die
1528 4622 1632 4666 nat.
1675 4617 1726 4680 8,
1765 4616 1797 4666 2
1836 4623 1956 4666 ante
1991 4618 2159 4665 omnia
2194 4617 2352 4676 igitur
2387 4617 2565 4665 dicunt
2601 4621 2768 4665 actum
2807 4617 3062 4678 vitamque
3100 4623 3319 4665 nostram
3358 4618 3523 4666 stellis
3559 4623 3658 4665 tam
3699 4619 3837 4677 vagis

578 4718 728 4765 quam
765 4706 913 4753 statis
950 4719 1062 4753 esse
1097 4706 1373 4753 subiectam
1409 4719 1678 4766 earumque
1714 4705 1850 4752 vario
1885 4703 2253 4765 multiplicique
2288 4717 2440 4752 cursu
2476 4717 2635 4763 genus
2673 4703 2950 4751 humanum
2986 4704 3251 4764 gubernari
3476 4702 3537 4753 12
3563 4719 3639 4765 sq.
3681 4704 3833 4752 Ceus.

581 4789 632 4851 8,
674 4790 703 4838 4
752 4792 908 4852 igitur
941 4806 1039 4853 quo
1075 4796 1299 4853 tempore
1346 4795 1522 4854 partus
1557 4791 1836 4852 concipitur
1872 4790 1944 4838 sol
1993 4791 2046 4836 in
2083 4790 2251 4851 aliquo
2288 4790 2431 4852 signo
2467 4791 2538 4837 sit
2584 4802 2791 4837 necesse
2826 4795 2905 4838 est
2944 4825 2956 4837 .
2989 4824 3002 4840 .
3037 4826 3049 4838 .
3092 4789 3123 4837 6
3162 4791 3234 4839 sol
3272 4804 3386 4850 ergo
3422 4804 3535 4838 cum
3573 4790 3628 4836 in
3663 4789 3837 4851 proxi-

583 4890 721 4924 mum
768 4878 969 4938 signum
1018 4878 1356 4938 transcendit,
1406 4877 1569 4925 locum
1618 4877 1763 4924 illum
1811 4877 2152 4937 conceptionis
2203 4881 2289 4924 aut
2337 4876 2570 4924 inbecillo
2615 4876 2754 4924 videt
2803 4882 3068 4938 conspectu
3117 4883 3208 4924 aut
3253 4878 3400 4925 etiam
3453 4890 3545 4924 nec
3592 4876 3838 4937 conspicit

583 4961 642 5011 17
680 4962 828 5013 Gens.
873 4963 921 5026 8,
965 4963 997 5013 6
1033 4970 1086 5013 ιι
1121 4978 1234 5011 cum
1273 4965 1326 5011 in
1365 4964 1513 5011 tertio
1550 4969 1630 5010 est
1665 4963 1806 5023 signo
1847 4998 1859 5010 .
1892 4998 1905 5012 .
1939 4999 1972 5025 .,
2025 4967 2147 5012 tuno
2196 4964 2416 5024 primum
2456 4963 2599 5010 illum
2637 4963 2796 5010 locum
2833 4963 2968 5010 uude
3017 4965 3273 5025 profectus
3310 4968 3387 5010 est
3425 4962 3595 5011 videre
3632 4962 3832 5023 dicitur,

578 5050 663 5098 sed
704 5051 844 5098 valde
880 5049 1083 5112 obliquo
1118 5055 1171 5098 et
1204 5050 1425 5098 invalido
1459 5049 1652 5096 lumine

751 5307 816 5357 23
855 5299 1070 5371 quinq's
1116 5309 1178 5370 V,
1221 5310 1480 5371 quincunx
1519 5308 1685 5369 Luyd.
1899 5310 1939 5355 si
1978 5323 2148 5370 pruma
2196 5309 2251 5370 V,
2291 5309 2336 5356 si
2376 5308 2533 5370 prima
2571 5308 2734 5369 Luqd.
2775 5311 2933 5369 vol90,
2974 5315 3184 5371 septena
3220 5309 3418 5356 Gronov
3628 5306 3691 5355 24
3730 5305 3834 5373 cui]

580 5396 667 5458 qui
707 5396 763 5444 F.
807 5396 1017 5444 Ηυιεεοὴ
1225 5396 1437 5444 rebellas
1482 5396 1523 5443 V
1727 5395 1792 5443 29
1831 5396 1968 5455 lybra
2012 5396 2051 5442 V
2090 5395 2136 5455 (y
2168 5410 2228 5442 ex
2263 5394 2305 5456 a)
2525 5394 2590 5442 30
2628 5399 2820 5442 coercet
2866 5397 2907 5443 V
3111 5393 3169 5443 31
3214 5395 3294 5442 die
3329 5395 3470 5453 volco

753 5482 968 5530 XXXV.
1046 5481 1076 5530 2
1114 5487 1438 5543 terraenaque
1486 5483 1525 5529 V
1564 5481 1609 5543 (a
1640 5497 1720 5543 pr.
1762 5481 1856 5530 del.
1897 5478 1984 5544 m2)
2265 5479 2296 5528 4
2346 5486 2555 5543 septeno
2598 5481 2640 5528 V
2674 5481 2720 5542 (o
2757 5496 2814 5528 ea:
2850 5497 2878 5529 a
2911 5478 2999 5544 νηῒ)
3279 5479 3311 5528 6
3361 5480 3433 5528 sol
3478 5480 3519 5526 V
3547 5493 3674 5527 corr.
3721 5479 3834 5526 Tou

581 5567 608 5615 7
647 5570 761 5632 aqui
807 5569 848 5615 V
1097 5567 1127 5618 8
1164 5569 1513 5630 occultosquae
1550 5574 1681 5616 satos
1730 5568 1768 5614 V
1801 5581 1928 5615 corr.
1970 5567 2103 5617 Scal.
2373 5567 2435 5616 10
2484 5572 2684 5616 exorate
2731 5568 2773 5615 V
2804 5581 2928 5615 corr.
2974 5566 3109 5617 Scal.
3374 5564 3428 5613 11
3471 5564 3579 5612 albo
3623 5565 3677 5624 V,
3722 5577 3836 5612 arvo

583 5653 826 5702 Graevius
857 5655 1014 5715 (Vero.
1045 5655 1219 5714 Geor-9,
1254 5654 1341 5699 11!
1373 5654 1485 5716 136)
1515 5656 1654 5715 volvo
1868 5652 1928 5702 12
1971 5630 2088 5702 haut
2134 5654 2176 5702 V
2211 5652 2260 5715 (h
2296 5650 2389 5714 m2)
2604 5652 2665 5702 14
2702 5654 2963 5713 contiguos
3012 5654 3051 5700 V
3087 5654 3139 5714 (g
3163 5667 3219 5701 a
3246 5668 3278 5700 n
3313 5649 3402 5714 m2)
3616 5648 3677 5698 15
3715 5663 3835 5698 con-

584 5742 742 5790 uersis
770 5740 867 5803 V(i
887 5754 943 5788 ea:
964 5741 1015 5801 u)
1168 5739 1228 5788 16
1266 5754 1515 5805 purpureo
1544 5741 1583 5787 V
1604 5741 1649 5802 (o
1668 5755 1724 5788 cx
1746 5755 1777 5788 u
1802 5736 1891 5801 m2)
2038 5739 2096 5788 17
2136 5739 2370 5808 obliquae
2399 5740 2452 5802 V,
2483 5739 2683 5802 obliqua
2705 5738 2870 5801 Luqd.
3016 5739 3236 5788 dimittit
3269 5739 3320 5799 V,
3352 5738 3579 5787 demittit
3603 5735 3837 5784 Flos-idus

3309 5855 3418 5906 20*
