4630 6435
726 465 747 522 1
763 462 844 522 62
2200 453 2511 511 AVSONII

1598 648 1800 713 Notos
1844 647 2017 732 fingo
2063 646 2181 711 tibi
2227 652 2420 731 poeta
2464 663 2718 727 versus,

1598 771 1759 834 quos
1805 751 1931 816 scis
1976 750 2558 834 hendecasyllabos
2603 748 2852 827 vocari,

1599 861 1698 919 set
1742 853 1953 920 nescis
1999 854 2275 920 modulis
2322 854 2526 919 tribus
2571 853 2834 918 moveri.

1430 979 1491 1017 ss
1596 958 1755 1022 istos
1800 958 2133 1042 conposuit
2178 957 2541 1021 Phalaecus
2587 956 2777 1036 olim,

1597 1060 1705 1142 qui
1753 1060 2301 1144 penthemimeren
2347 1059 2589 1124 habent
2633 1058 2903 1143 priorem

1599 1171 1664 1229 et
1708 1171 1855 1249 post
1899 1162 2293 1248 semipedem
2343 1162 2503 1227 duos
2548 1162 2818 1228 iambos,

1599 1275 1748 1333 sunt
1791 1288 1950 1351 quos
1996 1266 2356 1332 hexametri
2402 1273 2621 1331 creant
2665 1266 2935 1347 revolsi,

1599 1377 1670 1435 ut
1713 1370 2253 1456 penthemimeres
2298 1370 2471 1454 prior
2515 1370 2788 1450 locetur,

1431 1497 1491 1535 90
1598 1481 1730 1539 tum
1777 1474 1950 1556 quod
1994 1473 2284 1538 bucolice
2330 1478 2499 1538 tome
2545 1473 2879 1554 relinquit:

1600 1582 1749 1641 sunt
1793 1583 1858 1641 et
1900 1596 2059 1658 quos
2104 1583 2373 1659 generat
2419 1576 2639 1660 puella
2684 1576 2974 1660 Sappho,

1600 1700 1757 1763 quos
1802 1680 2046 1764 primus
2090 1679 2258 1761 regit
2302 1679 2562 1763 hippius
2608 1679 2956 1761 secundus,

1601 1789 1669 1847 ut
1713 1784 1931 1848 cludat
1975 1783 2384 1848 choriambon
2430 1782 2868 1848 antibacchus.

1601 1895 1700 1953 set
1742 1889 1869 1952 iam
1916 1907 2041 1952 non
2087 1886 2360 1971 poteris,
2414 1887 2672 1970 Theon,
2727 1886 2974 1968 doceri,

1432 2015 1492 2052 95
1599 2012 1718 2057 nec
1767 1991 1865 2055 fas
1911 1996 2010 2056 est
2052 1990 2242 2070 mihi,
2296 1989 2475 2073 regio
2521 1990 2863 2073 mag-istm,

1600 2094 1919 2179 plebeiam
1966 2110 2264 2157 numeros
2311 2091 2541 2158 docere
2588 2093 2877 2177 pulpam.

1599 2217 1820 2262 verum
1868 2196 2157 2280 protinus
2204 2197 2358 2277 ede,
2415 2196 2584 2279 quod
2630 2198 2909 2279 requiro.

1599 2300 1688 2364 nil
1735 2320 2004 2384 quaero,
2059 2299 2184 2363 nisi
2229 2300 2402 2383 quod
2446 2299 2630 2365 libris
2675 2305 2928 2365 tenetur

1599 2412 1665 2469 et
1707 2403 1879 2488 quod
1922 2425 2050 2469 non
2094 2404 2318 2487 opicae
2363 2410 2591 2488 tegunt
2635 2403 2887 2489 papyri.

1400 2530 1491 2571 100
1599 2527 1762 2589 quas
1810 2507 1864 2572 si
1912 2506 2219 2588 solveris,
2272 2527 2308 2572 o
2355 2513 2578 2591 poeta,
2633 2526 2874 2590 nugas,

1601 2617 1794 2676 totam
1841 2610 2027 2675 trado
2074 2610 2190 2676 tibi
2237 2610 2427 2675 simul
2473 2612 2836 2691 Vacunam,

1599 2734 1718 2779 nec
1761 2714 1891 2778 iam
1936 2720 2083 2799 post
2128 2721 2377 2779 metues
2422 2714 2661 2797 ubique
2708 2714 2985 2779 dictum:

1610 2818 1745 2882 ‘hic
1794 2824 1894 2883 est
1935 2818 2046 2882 ille
2092 2818 2319 2882 Theon
2363 2824 2555 2900 poeta
2600 2816 2841 2897 falsus,

1599 2921 1903 2986 bonorum
1951 2921 2125 2986 mala
2170 2921 2523 2986 carminum
2572 2922 2912 2985 Laverna'.

1871 3251 1949 3315 V.
2006 3248 2431 3315 AVSONIVS
2478 3249 2826 3315 THEONI.

1391 3421 1712 3486 Ausonius
1759 3422 1938 3486 salve
1984 3441 2130 3486 caro
2176 3422 2335 3486 mihi
2382 3421 2524 3486 dico
2570 3422 2852 3502 Theoni,
3878 3443 3980 3490 394

1562 3525 1854 3590 versibus
1900 3525 2254 3608 expediens
2301 3525 2471 3609 quod
2516 3526 2662 3589 volo
2709 3526 2957 3608 quodve
3004 3546 3252 3609 queror.
3881 3529 3977 3590 (V)

1389 3628 1581 3694 tertia
1623 3628 1966 3713 fissipedes
2012 3629 2347 3693 renovavit
2392 3630 2575 3693 Luna
2619 3628 2960 3708 iuvencas,

1565 3739 1634 3797 ut
1680 3732 1923 3814 fugitas
1969 3738 2291 3813 nostram,
2346 3731 2554 3796 dulcis
2601 3732 2839 3812 amice,
2905 3732 3186 3797 domum.

1257 3859 1282 3896 5
1389 3835 1740 3919 nonaginta
1785 3835 1925 3900 dies
1971 3835 2109 3899 sine
2155 3841 2256 3914 te,
2311 3834 2677 3917 carissime,
2730 3835 2919 3900 traxi.

1562 3939 1686 4003 huc
1730 3938 1900 4004 adde
1945 3938 2260 4003 aestivos:
2321 3938 2440 4002 hoc
2485 3938 2640 4002 mihi
2686 3958 2893 4021 paene
2940 3939 3206 4023 duplum
3253 3946 3372 4004 est.

1394 4041 1492 4106 vis
1539 4042 1760 4106 novies
1808 4041 2008 4106 denos
2056 4041 2266 4104 dicam
2315 4041 2662 4123 deciesque
2708 4060 2992 4106 novenos

1561 4144 1691 4209 isse
1738 4144 1878 4209 dies
1899 4149 1928 4208 ’Υ
1973 4143 2123 4208 anni
2170 4144 2373 4228 portio
2420 4150 2646 4226 quarta
2693 4144 2871 4209 abiit.

1397 4247 1739 4331 sexaginta
1784 4248 1976 4312 horas
2022 4266 2218 4333 super
2261 4254 2327 4313 et
2371 4247 2497 4312 duo
2543 4248 2726 4312 milia
2772 4254 3025 4313 centum

1226 4373 1283 4415 ιο
1564 4358 1629 4417 te
1676 4352 1817 4419 sine
1863 4352 2262 4436 consumpsi,
2322 4371 2447 4433 quo
2494 4353 2632 4417 sine
2680 4357 2746 4416 et
2789 4352 2948 4417 hora
2991 4352 3233 4435 gravis.

928 4631 993 4680 83
1032 4631 1434 4689 endecasyllahos
1481 4631 1520 4677 V
1557 4633 1603 4689 (y
1642 4644 1700 4676 ex
1737 4643 1771 4676 u
1807 4628 1920 4689 m2),
1964 4630 2367 4688 endecasyllabos
2411 4630 2488 4694 Τχ
2697 4631 2763 4681 84
2791 4632 2875 4679 sed
2903 4647 2945 4679 ω
3158 4631 3222 4678 85
3251 4631 3532 4692 composuit
3557 4645 3599 4678 ω
3775 4607 3987 4691 phaleu-

719 4719 826 4764 cius
871 4719 912 4766 V
944 4720 991 4777 (h
1028 4717 1118 4778 m2)
1336 4717 1401 4765 86
1438 4717 1838 4778 pentemimeren
1887 4716 1940 4774 V,
1983 4716 2419 4778 penthimemeren
2466 4717 2521 4778 T,
2564 4718 3000 4779 penthemimeren
3041 4716 3069 4766 λ
3282 4717 3342 4764 87
3372 4731 3470 4764 om.
3514 4732 3557 4764 ω
3735 4714 3800 4764 88
3825 4714 3985 4764 hexa-

718 4805 865 4852 metri
900 4819 1001 4864 mu,
1044 4805 1284 4852 exametri
1322 4809 1410 4850 cet.
1626 4803 1805 4849 rebolsi
1851 4802 1907 4863 V,
1947 4804 2139 4850 revulsi
2177 4807 2268 4851 cet.
2487 4803 2552 4850 89
2590 4806 2982 4864 pentemimeres
3029 4804 3080 4864 V,
3127 4779 3550 4867 penthimemeres
3593 4802 3652 4862 T,
3695 4802 3985 4863 penthemi-

718 4904 849 4939 mers
875 4887 904 4939 λ
1078 4893 1221 4952 prius
1245 4888 1275 4939 λ
1469 4887 1535 4937 90
1572 4902 1670 4950 quo
1708 4889 1748 4934 V
1920 4890 2164 4937 bucolicet
2193 4887 2258 4937 Τλ
2435 4885 2590 4954 tome]
2615 4903 2694 4936 me
2721 4887 2768 4948 λ,
2799 4903 2942 4950 pome
2967 4894 3059 4938 cet.
3262 4888 3321 4938 91
3366 4891 3519 4952 sapho
3551 4888 3593 4935 Τ
3786 4888 3850 4938 92
3887 4892 3988 4950 quo

726 4977 769 5023 Τ
972 4977 1156 5040 primos
1193 4992 1236 5025 ω
1447 4977 1617 5037 ippius
1661 4975 1716 5037 V,
1755 4975 1976 5038 hyppias
2024 4975 2066 5022 Τ
2294 4975 2358 5024 93
2397 4977 2569 5023 cludat
2614 4973 2701 5036 VR,
2744 4975 2945 5023 claudat
2980 4982 3068 5024 cet.
3285 4977 3562 5024 coriambon
3608 4975 3649 5021 V
3851 4976 3990 5021 anti-

716 5062 899 5110 baccus
945 5063 995 5122 V,
1040 5064 1303 5110 antibacus
1340 5059 1392 5122 λ,
1432 5062 1754 5110 antibrachus
1800 5062 1842 5108 T
2117 5062 2184 5111 94
2222 5061 2307 5110 sed
2347 5077 2390 5110 ω
2646 5065 2835 5124 poteris
2873 5068 2954 5110 teo
3000 5063 3057 5123 V,
3098 5069 3239 5124 potes
3277 5063 3434 5111 ostolo
3472 5078 3513 5110 ω
3557 5064 3736 5123 (potes,
3779 5075 3806 5109 o
3842 5062 3985 5121 stolo,

3167 5139 3270 5170 qun
3295 5130 3329 5162 al

717 5170 924 5230 fortasse
956 5174 1380 5235 praeferendum),
1421 5173 1553 5236 potis
1591 5187 1646 5221 es
1682 5173 1852 5221 Theon
1900 5173 2004 5220 Tou
2041 5175 2180 5233 volyo
2415 5173 2481 5219 99
2518 5175 2683 5235 papiri
2730 5171 2796 5221 γλ
3036 5173 3130 5223 100
3168 5177 3309 5234 quasi
3357 5174 3397 5219 Τ
3436 5175 3575 5233 (corr.
3618 5171 3731 5233 m1),
3777 5174 3917 5233 quasi
3957 5171 3986 5220 λ

724 5256 813 5305 101
858 5264 1033 5306 tortam
1084 5260 1122 5306 V
1365 5260 1516 5308 simul
1555 5266 1607 5307 et
1644 5273 1821 5320 agnam
1873 5260 1911 5306 V
2140 5277 2218 5308 vv.
2261 5259 2492 5309 99—101
2540 5263 2593 5307 in
2635 5259 2676 5305 Τ
2711 5262 2931 5319 τερεεὶιίς
2973 5263 3159 5320 prlores
3196 5261 3428 5307 cancellis
3463 5262 3587 5306 min.
3627 5262 3771 5319 pictis
3807 5258 3989 5305 inclini

717 5348 864 5444 “12⁹2oe
901 5348 955 5392 in
975 5360 1072 5405 my.
1104 5348 1197 5395 sin.
1228 5347 1318 5407 Va,
1362 5350 1415 5394 in
1450 5346 1617 5394 dextro
1656 5352 1734 5394 cat
1769 5349 2003 5406 scriptum
2218 5345 2312 5395 103
2352 5347 2431 5393 hic
2477 5347 2519 5394 V
2556 5347 2604 5408 (h
2642 5344 2730 5406 m2)
2948 5354 3067 5393 teon
3116 5347 3185 5392 Vr
3365 5345 3458 5395 104
3496 5348 3704 5393 taberna
3751 5346 3790 5392 V
3822 5345 3985 5403 volyo,

766 5421 791 5444 ι
827 5421 881 5444 ιιι
2327 5427 2357 5459 ο

718 5456 924 5504 lauerna
965 5456 1023 5518 Τ,
1065 5457 1272 5506 lauerna
1306 5463 1394 5508 cet.

925 5577 990 5625 V.
1071 5576 1091 5625 1
1136 5578 1273 5626 teoni
1321 5578 1363 5625 V
1590 5578 1620 5627 2
1657 5581 1926 5641 experiens
1976 5578 2031 5640 V,
2071 5579 2349 5640 expediens
2386 5580 2624 5627 Heinsius
2855 5591 3007 5639 quero
3052 5579 3110 5640 V,
3150 5592 3327 5640 queror
3364 5577 3530 5638 Luyd.
3779 5576 3810 5624 3
3836 5591 3995 5642 ‘reno-

717 5681 853 5728 babit
897 5680 939 5725 v
1160 5682 1189 5728 4
1229 5650 1394 5730 amnia
1439 5682 1481 5727 v
1516 5683 1558 5744 (ς,
1593 5680 1680 5742 m2)
1726 5682 1754 5732 7
1791 5683 1869 5729 bis
1916 5682 1971 5743 V,
2013 5683 2088 5729 vis
2134 5682 2241 5731 ven.
2472 5682 2503 5729 9
2539 5659 2681 5728 horas
2730 5683 2770 5728 V
2809 5683 2855 5742 (h
2893 5679 2982 5742 m2)
3224 5683 3283 5730 10
3321 5682 3576 5729 consumi
3626 5681 3664 5726 ν
3872 5657 3989 5730 ὀη

724 5766 764 5812 V
797 5767 843 5826 (h
881 5764 969 5826 m2)
