4630 6435
765 463 795 522 1
806 460 887 523 38
2238 456 2552 513 AVSONII

1429 646 1535 712 dic
1583 653 1875 713 cessante
1921 645 2063 712 cibo
2110 665 2330 712 somno
2375 645 2522 729 quis
2565 646 2833 732 opimior
2876 652 3016 712 est?
3442 647 3590 729 glis.

1260 769 1320 810 ιο
1427 757 1683 834 tergora
1729 750 1834 816 dic
1877 749 2103 835 clipeis
2145 751 2562 816 accommoda
2605 770 2771 832 quae
2816 749 3059 815 faciat?
3420 751 3591 833 glus.

1429 860 1655 938 sponte
1703 852 1975 918 ablativi
2020 872 2210 918 casus
2255 851 2402 936 quis
2446 859 2658 919 rectus
2703 853 2869 918 erit?
3371 872 3593 937 spons.

1425 955 1796 1040 quadrupes
1841 955 2165 1021 oscinibus
2210 955 2355 1038 quis
2400 955 2685 1040 iungitur
2728 952 3079 1041 auspiciis?
3424 976 3588 1021 mus.

1427 1059 1583 1142 quid
1627 1057 1838 1124 fluitat
1881 1059 2150 1143 pelago,
2206 1058 2380 1142 quod
2421 1079 2549 1124 non
2591 1064 2773 1125 natat
2815 1058 2882 1124 in
2926 1057 3170 1124 fluvio?
3457 1059 3589 1144 pix.

1424 1162 1721 1228 bissenas
1767 1168 1987 1246 partes
2032 1161 2176 1244 quis
2221 1162 2503 1228 continet
2543 1162 2972 1247 aequipares?
3492 1182 3589 1228 as.

1259 1288 1319 1328 15
1424 1267 1616 1332 tertia
1659 1265 1940 1332 defuerit
1983 1265 2041 1331 si
2085 1265 2326 1351 portio,
2379 1265 2538 1349 quid
2580 1266 2939 1348 reliquum?
3451 1266 3588 1332 bes.

1178 1490 1286 1556 12.
1349 1491 1464 1554 DE
1509 1490 1903 1555 LITTERIS
1949 1487 2611 1556 MONOSYLLABIS
2657 1489 3025 1555 GRAECIS
3070 1488 3204 1553 Ac.
3230 1489 3596 1554 LATINIS.

1423 1629 1573 1694 Dux
1618 1629 2077 1694 elementorum
2124 1626 2355 1692 studiis
2399 1626 2579 1710 viget
2622 1625 2689 1691 in
2736 1626 2938 1692 Latiis
3505 1626 3581 1708 A,
3913 1651 4012 1702 348

1427 1739 1492 1797 et
1536 1752 1837 1816 suprema
1879 1731 2046 1797 notis
2092 1730 2477 1796 adscribitur
2520 1730 2840 1813 Argolicis
3488 1734 3585 1795 ω.
3922 1740 4009 1803 (v)

1427 1841 1533 1901 eta
1577 1834 1747 1918 quod
1791 1834 2133 1901 Aeolidum
2180 1833 2478 1918 quodque
2527 1832 2679 1919 <ΕΙ>
2726 1834 2936 1916 valet,
2987 1833 3109 1899 hoc
3153 1832 3410 1899 Latiare
3515 1833 3589 1899 E.

1424 1945 1715 2024 praesto,
1775 1938 1945 2020 quod
1998 1938 2051 2001 Ε
2097 1937 2353 2002 Latium
2400 1957 2657 2021 semper
2700 1937 2893 2002 breve
2940 1936 3178 2002 Dorica
3222 1958 3346 2002 vox

1291 2065 1316 2103 5
1424 2042 1545 2107 hoc
1589 2042 1779 2108 tereti
1826 2048 2182 2125 argutoque
2229 2061 2384 2106 sono
2428 2047 2627 2124 negat
2670 2040 2884 2106 Attica
2929 2060 3125 2123 gens:

1431 2149 1502 2208 ω
1551 2147 1722 2227 quod
1768 2152 1833 2211 et
1882 2146 1944 2207 O
2000 2144 2320 2210 Graecum
2367 2150 2717 2228 conpensat
2758 2144 3034 2209 Romula
3078 2164 3202 2207 vox

1424 2250 1638 2315 littera
1684 2268 1823 2313 sum
1868 2249 2041 2314 iotae
2088 2246 2353 2328 similis,
2409 2267 2534 2312 vox
2578 2247 2775 2332 plena
2819 2246 3049 2312 iubens

1424 2353 1752 2437 Cecropiis
1798 2353 2019 2436 ignota
2063 2351 2230 2417 notis
2274 2350 2479 2417 ferale
2525 2370 2761 2416 sonans

1422 2457 1831 2540 Pythagorae
1874 2455 2120 2521 bivium
2165 2454 2364 2521 ramis
2409 2460 2601 2539 pateo
2645 2454 2970 2538 ambiguis

1257 2579 1315 2619 ιο
1427 2560 1691 2625 vocibus
1734 2559 1803 2624 in
1848 2559 2041 2624 Grais
2085 2580 2435 2642 numquam
2481 2559 2708 2624 ultima
2753 2557 3111 2642 conspicior

1427 2670 1570 2729 zeta
1614 2663 1862 2743 iacens,
1919 2662 1974 2727 si
2021 2668 2269 2744 surgat,
2328 2662 2450 2728 erit
2491 2668 2680 2744 nota,
2734 2682 2900 2744 quae
2947 2661 3183 2744 legitur

1424 2766 1843 2833 Maeandrum
1891 2764 2223 2848 flexusque
2268 2784 2471 2848 vagos
2515 2764 2766 2830 imitata
2810 2784 3013 2846 vagor

1423 2870 1758 2935 dividuum
1803 2870 1992 2936 betae
2039 2868 2529 2952 monosyllabon
2576 2868 2870 2932 Italicum

1423 2994 1550 3039 non
1596 2974 1897 3054 formam,
1953 2978 2021 3037 at
2065 2991 2287 3037 vocem
2336 2971 2552 3037 deltae
2599 2991 2751 3054 gero
2796 2972 3175 3036 Romuleum

1256 3095 1316 3137 ιε»
1422 3076 1676 3141 hostilis
1722 3097 1888 3159 quae
1933 3075 2139 3141 forma
2182 3075 2325 3158 iugi
2371 3082 2500 3159 est,
2555 3075 2721 3141 hano
2766 3074 3005 3141 efficiet

1420 3179 1777 3246 Ausonium
1824 3179 1878 3245 si
1923 3199 2006 3264 pe
2052 3179 2332 3260 scribas,
2383 3198 2491 3245 ero
2537 3177 2915 3264 Cecropium

1420 3292 1485 3350 et
1530 3285 1644 3349 rho
1688 3283 1858 3367 quod
1903 3283 2256 3365 Graecum,
2309 3282 2659 3348 mutabitur
2703 3283 2771 3346 in
2817 3283 3070 3347 Latium

1420 3388 1632 3452 malus
1679 3394 1748 3453 ut
1789 3393 2155 3452 antemnam
2201 3386 2325 3451 fert
2369 3384 2639 3464 vertice,
2695 3385 2789 3449 sic
2832 3404 2976 3467 ego·
3001 3404 3140 3448 sum

1422 3490 1689 3576 spiritus
1736 3490 1869 3570 hic,
1924 3489 2078 3554 flatu
2123 3488 2501 3554 tenuissima
2547 3487 2916 3567 vivificans-3,

1253 3611 1314 3653 20
1421 3595 1585 3661 haec
1627 3595 1831 3659 tribus
1874 3593 1943 3658 in
1987 3593 2174 3658 Latio
2218 3599 2465 3658 tantum
2510 3591 2736 3656 addita
2780 3589 3179 3670 nominibus,

1421 3698 1787 3782 praevaluit
1832 3704 1975 3782 post
2017 3717 2207 3779 quam
2255 3715 2552 3778 gammae
2597 3695 2737 3759 vice
2782 3693 3003 3758 functa
3045 3694 3225 3777 prius

1424 3807 1615 3884 atque
1663 3801 1859 3866 alium
1907 3821 2023 3885 pro
2068 3819 2138 3865 se
2182 3799 2439 3864 titulum
2486 3796 2796 3881 replicata
2840 3797 3053 3876 dedit,

1421 3905 1599 3970 ansis
1645 3904 1853 3970 cincta
1896 3903 2146 3969 duabus
2190 3902 2311 3967 erit
2356 3921 2498 3966 cum
2543 3900 2701 3982 iota,
2756 3901 2936 3984 leges

1421 4007 1488 4071 in
1535 4007 1715 4071 Lat-io
1761 4025 2062 4071 numerus
2108 4005 2413 4070 denarius
2458 4003 2828 4086 Argolicum

1254 4127 1315 4167 2⁵
1423 4109 1584 4174 haec
1629 4109 1806 4192 gruis
1853 4108 2107 4192 effigies
2154 4106 2569 4172 Palamedica
2615 4106 2961 4191 porrigitur

1423 4233 1629 4297 eoppa
1675 4212 1770 4277 fui
1816 4212 2137 4295 quondam
2183 4211 2482 4293 Boeotia,
2538 4230 2707 4275 nunc
2750 4210 3004 4275 Latium

1422 4315 1606 4383 furca
1650 4317 2066 4398 tricornigera
2112 4315 2362 4400 specie,
2419 4334 2626 4399 paene
2675 4314 2904 4379 ultima
2950 4333 3090 4378 sum

3571 3641 3585 3670 *D

3492 1885 3590 4381 fipfissQPOffissffll'vsussfflfflfflzssfisst-QQQ.

932 4523 992 4572 12
1030 4524 1161 4573 Pliu.
1204 4525 1262 4576 N.
1308 4526 1373 4574 Η.
1418 4527 1539 4574 v111
1579 4525 1669 4575 221
1891 4524 1952 4573 13
1991 4526 2124 4573 Ρ11η.
2165 4525 2225 4572 N.
2270 4525 2334 4573 H.
2379 4526 2425 4572 11
2462 4523 2561 4573 224

925 4605 1025 4660 12·
1102 4611 1163 4660 10
1200 4612 1378 4670 Quint.
1422 4614 1462 4661 1.
1503 4612 1562 4661 Ο.
1605 4613 1705 4661 XII
1748 4611 1827 4673 10,
1870 4610 1927 4660 31
2146 4609 2211 4659 20
2249 4611 2363 4659 Ter.
2406 4609 2568 4659 Maur.
2611 4608 2708 4658 797
2736 4623 2844 4670 sqq.
2895 4610 2988 4669 (VI
3025 4608 3124 4657 349
3163 4611 3248 4672 Κ.)

923 4817 954 4864 9
992 4818 1117 4877 glux
1164 4819 1217 4878 V,
1258 4792 1367 4882 glifx
1404 4818 1433 4869 λ
1478 4822 1517 4880 (s
1552 4816 1642 4881 m2)
1896 4816 1958 4866 10
1995 4817 2180 4879 clypeis
2216 4816 2264 4880 λ,
2306 4818 2518 4878 clipeisq
2557 4815 2599 4862 ‘1'
2637 4816 2684 4877 (q
2720 4815 2839 4876 del.)
3089 4817 3345 4865 accomoda
3390 4818 3428 4866 V
3668 4817 3725 4868 11
3769 4820 3858 4882 qni
3906 4820 3947 4867 V

756 4901 815 4952 12
852 4916 950 4951 om.
993 4919 1035 4951 ω
1248 4907 1458 4967 auspicii
1499 4904 1540 4951 C·
1749 4903 1809 4953 13
1847 4905 1961 4966 quis
2000 4919 2042 4952 ω
2257 4903 2319 4952 15
2357 4905 2446 4952 bes
2482 4915 2579 4952 om.
2630 4902 2671 4949 V
2706 4902 2842 4965 (aad.
2883 4899 3000 4964 m2)‚
3040 4903 3117 4951 bis
3160 4904 3213 4964 C,
3256 4904 3343 4952 boa
3379 4901 3408 4953 λ

927 4984 1028 5040 12.
1102 5004 1183 5038 xn
1219 4992 1296 5039 De
1332 4996 1424 5041 etc.
1472 4992 1515 5038 V
1695 4990 2072 5039 monnosillabis
2118 4990 2159 5037 V
2191 4989 2244 5051 (n
2277 5005 2359 5050 pr.
2401 4988 2494 5039 del.
2537 4986 2625 5051 m2)
2841 4987 2872 5038 2
2911 4970 3173 5050 ιτςοῶοιιε
3218 4989 3259 5036 V
3465 4987 3495 5038 3
3533 4988 3672 5038 HTA
3718 4989 3761 5037 V
3931 4994 4000 5041 el

749 5074 867 5124 add.
910 5076 1105 5140 Peiper,
1144 5093 1167 5126 ε
1210 5077 1468 5125 Turnebus
1503 5078 1646 5138 volyo
1892 5077 2035 5124 latiar
2077 5076 2118 5122 V
2150 5090 2272 5124 corr.
2318 5076 2650 5136 Pulmannus,
2694 5075 2890 5123 Latiale
2929 5074 3163 5123 Flet-idus
3198 5076 3341 5135 volyo
3583 5074 3614 5122 5
3652 5079 3766 5136 egat
3808 5076 3849 5123 V
3882 5090 4008 5126 corr.

750 5160 882 5210 Scal.
1071 5155 1105 5212 ἔ
1131 5161 1266 5212 Scal.
1294 5164 1435 5222 volqo
1632 5160 1664 5210 6
1701 5150 1787 5211 eoy
1822 5162 1877 5222 V,
1917 5168 1970 5209 et
1993 5161 2034 5210 Ο
2068 5162 2173 5210 Vin.
2385 5161 2415 5211 8
2452 5151 2769 5223 caecfopuls
2805 5161 2844 5208 V
2869 5161 2914 5223 (r
2936 5158 3025 5223 m2)
3219 5161 3361 5209 ferali
3387 5173 3625 5208 resonans
3657 5161 3698 5207 V
3718 5173 3840 5208 corr.
3875 5161 4006 5211 Scal.

749 5244 782 5293 9
817 5247 1089 5307 pythagora
1123 5249 1173 5310 V,
1217 5264 1343 5300 corr.
1378 5250 1646 5297 Aecus-sim
1858 5248 1920 5297 13
1957 5250 2100 5296 beate
2135 5249 2185 5310 V,
2228 5249 2373 5297 betae
2409 5248 2672 5295 Accursiua
2871 5247 3198 5296 monosillabo
3230 5247 3271 5294 V
3300 5246 3335 5306 (l
3358 5248 3448 5296 alt.
3477 5262 3536 5295 ex
3560 5247 3606 5308 b)
3828 5246 3891 5295 14
3926 5254 4013 5296 aut

757 5331 809 5394 V,
852 5336 903 5381 at
927 5331 1237 5383 Pulmanmu
1442 5325 1714 5383 r‘'mulenm
1748 5335 1790 5382 V
1812 5336 1882 5395 (ro
1907 5331 1995 5396 m2)
2215 5332 2277 5382 15
2314 5335 2455 5393 iugi*
2494 5334 2532 5380 V
2741 5333 2799 5382 17
2841 5347 2983 5393 greco
3016 5334 3056 5381 V
3087 5348 3208 5384 corr.
3242 5332 3559 5383 flammam
3769 5332 3832 5381 18
3866 5316 4010 5382 antii·

752 5431 867 5465 num
908 5418 949 5464 V
1169 5420 1235 5471 20
1271 5422 1412 5471 addit
1454 5422 1504 5482 V,
1547 5421 1716 5469 addita
1761 5420 1901 5469 Vind.
1944 5421 2075 5468 3961
2120 5419 2323 5480 Lipsius
2548 5418 2608 5468 21
2651 5425 2914 5482 postquam
2951 5421 3093 5480 volvo
3303 5418 3369 5470 22
3405 5420 3567 5482 adque
3611 5420 3655 5467 V
3844 5409 4012 5468 titul&

759 5505 803 5552 V
839 5505 893 5567 (-
926 5506 1113 5570 erac.);
1165 5509 1318 5557 allum
1355 5545 1369 5559 .
1406 5546 1417 5557 .
1454 5545 1466 5558 .
1505 5509 1716 5557 titulum
1766 5506 1910 5556 Vind.
1951 5508 2105 5567 3261,
2146 5507 2293 5554 aliam
2333 5541 2347 5557 .
2378 5543 2391 5557 .
2427 5542 2441 5557 .
2481 5506 2631 5554 titulo
2669 5506 2894 5566 Lipsius,
2950 5509 3035 5568 qui
3069 5508 3221 5555 etiam
3257 5507 3410 5554 alium
3450 5543 3463 5556 .
3495 5541 3507 5556 .
3539 5542 3551 5555 .
3593 5506 3802 5554 titulum
3832 5518 4014 5567 propo-

748 5594 867 5654 suit,
906 5594 1047 5655 volvo
1257 5594 1294 5643 Ο
1328 5595 1378 5656 V,
1423 5594 1466 5643 G
1504 5594 1677 5654 Peiper
1715 5593 1943 5654 Merum,
1988 5592 2029 5650 Q
2072 5593 2323 5640 Τυηιιὸω
2348 5596 2494 5653 volqo
2703 5591 2769 5641 23
2805 5595 2914 5640 ansi
2958 5592 2997 5639 V
3028 5606 3151 5641 corr.
3194 5592 3512 5642 Pulmamuu
3721 5591 3786 5641 25
3824 5593 4013 5642 corneis

756 5677 812 5738 V,
852 5681 989 5738 gruis
1027 5679 1292 5728 Act-unius
1534 5679 1600 5729 26
1636 5694 1791 5741 cappa
1833 5679 1887 5739 V,
1928 5691 2082 5739 eoppa
2120 5678 2293 5739 Peipcr
2333 5679 2545 5725 Merum
2771 5679 2870 5725 snit
2906 5677 3066 5736 Luyd.
3111 5679 3249 5738 volqo
3484 5667 3644 5726 b⁰ctia
3686 5678 3730 5725 V
3764 5679 3812 5739 (o
3846 5675 3937 5738 1πῖ)

750 5764 796 5810 Κ
841 5765 898 5825 V,
939 5765 980 5823 Q
1017 5765 1192 5825 Peipcr
1229 5765 1444 5814 Mer-tens
