4630 6435
767 480 894 542 218
2249 475 2555 532 AVSONII

1439 666 1594 749 quin
1640 665 1832 731 etiam
1880 665 2097 750 cupio,
2151 664 2409 732 iunctus
2454 665 2605 749 quia
2651 666 2829 731 zelus
2873 666 3073 731 amori
3119 674 3247 748 est,

1611 777 1683 836 ut
1724 769 1989 836 videare
2034 768 2184 834 aliis
2229 768 2456 850 foeda,
2511 769 2743 835 decora
2786 770 2965 835 mihi.

1496 1028 1800 1093 LXXXI.
1852 1028 2202 1107 QVALEM
2249 1028 2507 1093 VELIT
2552 1029 2897 1093 HABERE
2942 1029 3303 1095 AMICAM.

1648 1185 1747 1249 Sit
1789 1184 1945 1248 mihi
1991 1183 2141 1250 talis
2188 1183 2397 1249 amica
2440 1184 2670 1267 velim,
3968 1203 4034 1253 78

1648 1288 1862 1371 iurgia
1905 1308 2071 1371 quae
2116 1293 2358 1352 temere
2402 1286 2668 1371 incipiat
3948 1290 4034 1350 (ω)

1647 1413 1767 1457 nec
1813 1391 2070 1457 studeat
2113 1389 2298 1473 quasi
2346 1397 2528 1456 casta
2572 1390 2781 1475 loqui,

1650 1495 1919 1579 pulchra
1963 1513 2232 1578 procaX,
2288 1493 2620 1577 petulante
2667 1515 2889 1572 manu,

1531 1633 1543 1657 ‚
1650 1599 1921 1663 verbera
1965 1617 2130 1679 quae
2177 1596 2345 1661 ferat
2391 1605 2455 1663 et
2499 1604 2752 1680 regerat

1652 1722 1970 1784 caesaque
2014 1701 2098 1766 ad
2144 1701 2367 1766 oscula
2412 1700 2764 1784 confugiat.

1650 1826 1799 1869 nam
1844 1804 1970 1869 nisi
2015 1803 2295 1869 moribus
2342 1802 2444 1867 his
2491 1803 2721 1885 fuerit,

1652 1893 1831 1972 casta
1875 1907 2169 1972 modesta
2212 1907 2532 1991 pudenter
2575 1926 2818 1990 agens,

1652 2009 1867 2074 dicere
1911 2009 2274 2091 abominor,
2328 2029 2489 2074 uxor
2533 2009 2675 2076 erit.

1944 2266 2281 2332 LXXXII.
2340 2267 2461 2332 EX
2507 2267 2872 2334 GRAECO.

1449 2426 1586 2490 Hoc
1631 2423 1803 2507 quod
1849 2444 2068 2489 amare
2112 2430 2346 2489 vocant
2388 2423 2588 2489 misce
2632 2431 2747 2489 aut
2791 2423 3107 2506 dissolve,
3160 2423 3446 2508 Cupido:
3974 2445 4039 2494 79

1624 2535 1737 2594 aut
1779 2534 2072 2594 neutrum
2119 2525 2398 2593 flammis
2444 2548 2555 2593 ure
2601 2527 2705 2594 vel
2752 2546 2863 2593 ure
2909 2526 3097 2592 duos.
3958 2533 4035 2593 (ω)

1933 2785 2301 2851 LXXXIII.
2354 2787 2473 2851 EX
2521 2785 2885 2852 GRAECO.

1456 2944 1586 3008 Aut
1627 2941 1957 3025 restingue
2003 2941 2220 3024 ignem
2265 2961 2389 3025 quo
2434 2948 2707 3024 torreor,
2762 2943 2935 3007 alma
2982 2940 3218 3024 Dione,
3981 2962 4047 3011 so

1629 3053 1740 3112 aut
1782 3046 2056 3113 transire
2102 3045 2251 3111 iube
2296 3046 2400 3110 vel
2449 3044 2553 3110 fac
2598 3045 2914 3127 utrimque
2958 3065 3201 3130 parem.
3962 3053 4044 3110 (ω)

1254 3306 1649 3372 LXXXIIII.
1711 3305 1830 3370 EX
1878 3304 2253 3370 GRAECO:
2311 3301 2546 3369 APXH
2593 3303 2697 3369 ΔΕ
2742 3302 2873 3369 TOl
2920 3303 3180 3371 HMlcr
3226 3302 3582 3371 HANTOC.

1458 3461 1710 3547 Incipe!
1768 3459 2103 3525 dimidium
2150 3459 2304 3525 facti
2352 3466 2452 3526 est
2494 3460 2808 3545 coepisse.
2903 3460 3168 3544 superfit
3982 3481 4043 3531 81

1629 3563 1997 3631 dimidium:
2053 3583 2304 3629 rursum
2352 3564 2472 3628 hoc
2515 3563 2726 3648 incipe
2772 3571 2837 3629 et
2881 3562 3147 3630 efficies.
3916 3569 4043 3629 (Vm)

963 3847 1170 3896 LXXX.
1248 3845 1279 3895 4
1318 3847 1506 3894 Tibull.
1548 3845 1652 3892 1111
1695 3842 1774 3901 13,
1818 3844 1847 3892 5
1885 3849 2039 3904 atque
2075 3843 2269 3890 utinam
2307 3856 2480 3904 posses
2516 3843 2605 3890 uni
2646 3842 2765 3890 mihi
2804 3844 2936 3891 bella
2974 3842 3145 3903 videri,
3189 3842 3454 3905 displiceas
3490 3843 3604 3891 allis

965 3933 1228 3982 LXXXII.
1306 3932 1459 3982 Anth.
1505 3932 1607 3981 Pal.
1651 3931 1695 3977 V
1735 3928 1800 3978 68
1847 3925 2192 3990 (Λουκιλλίου,
2235 3926 2283 3978 οἱ
2322 3924 2377 3977 δὲ
2416 3923 2727 3995 Πολέμωνος
2762 3931 2852 3978 τοῦ
2890 3924 3195 3991 Ποντικοῦ);

1610 4003 1679 4067 ’Ἡ
1715 4014 1772 4066 τὸ
1811 4012 1975 4084 φιλεῖν
2012 4012 2356 4083 περίγραψον,
2392 4004 2587 4084 Ἔρως,
2630 4012 2750 4065 ὅλον
2785 4011 2820 4083 ἢ
2857 4014 2914 4065 τὸ
2952 4011 3216 4083 φιλεῖσθαι

1753 4090 2005 4162 πρόσθες,
2045 4084 2122 4143 ἵν’
2156 4089 2191 4159 ἢ
2229 4088 2389 4160 λύσῃς
2424 4091 2509 4145 τὸν
2547 4090 2710 4145 πόθον
2745 4090 2780 4160 ἢ
2817 4093 3039 4164 nepotum

963 4181 1255 4233 LXXXIII.
1334 4182 1488 4230 Anth.
1531 4181 1634 4231 Pal.
1678 4181 1726 4228 V
1763 4179 1827 4229 88
1870 4172 2221 4245 (Ῥουφὶνου);

1615 4261 1680 4318 Εἰ
1717 4263 1854 4316 δυσὶν
1892 4263 1987 4316 οὐκ
2020 4262 2235 4335 ἴσχυσας
2271 4261 2390 4334 ἴσην
2429 4262 2623 4334 φλόγα,
2665 4264 2925 4334 πυρφόρε,
2966 4269 3182 4327 καῦσαι,

1755 4343 1851 4413 τὴν
1889 4342 1963 4395 ἑνὶ
1995 4342 2274 4412 καιομένην
2309 4340 2345 4412 ἢ
2385 4341 2564 4411 σβέσον
2601 4340 2636 4410 ἢ
2678 4342 2898 4412 μετάθες

801 4432 819 4482 1
866 4433 1012 4483 Ovid.
1055 4434 1117 4483 A.
1161 4434 1219 4483 Α.
1264 4433 1339 4480 111
1378 4430 1408 4480 3
1445 4433 1572 4480 alma
1608 4433 1770 4481 Dione

971 4520 1289 4569 LXXXIIII.
1364 4520 1490 4568 Luc.
1521 4518 1688 4568 Somn.
1721 4517 1750 4566 3
1967 4516 1988 4567 1
2030 4518 2148 4566 Hor.
2180 4518 2344 4578 Epist.
2377 4517 2400 4564 1
2427 4516 2476 4578 2,
2506 4515 2573 4566 40
2589 4532 2662 4579 sq.
2705 4517 2967 4566 dimidium
3008 4519 3125 4566 facti
3163 4519 3249 4580 qni
3286 4520 3453 4580 coepit
3479 4520 3655 4567 habet:
3697 4533 3872 4579 sapere
3898 4522 4051 4581 aude3

799 4607 968 4668 incipe

971 4848 1001 4897 3
1039 4844 1185 4913 quin]
1222 4862 1335 4896 cum
1378 4848 1419 4894 T
1628 4848 1835 4896 uinctus
1883 4847 1924 4895 T
2129 4848 2264 4897 telus
2306 4846 2348 4894 T

967 4934 1205 4984 LXXXI.
1279 4936 1461 4983 lemma
1496 4951 1553 5000 χ,
1609 4935 1686 4983 De
1721 4936 1879 4982 amics
1913 4935 2132 4994 iurgiosa
2166 4932 2314 5001 ρρῖμ,
2374 4934 2572 4983 nullum
2608 4934 2785 4981 lemma
2826 4931 2931 4979 ΤΜ
3238 4933 3269 4981 5
3306 4938 3497 4994 regerat
3532 4950 3563 4979 υ
3606 4934 3677 4995 (in
3710 4949 3809 4993 my.
3852 4934 4050 4994 reserat)

797 5023 823 5071 7
862 5023 965 5083 hijs
1007 5021 1049 5068 T
1259 5018 1289 5068 8
1327 5022 1603 5082 prudenter
1641 5020 1697 5067 M
1903 5020 1934 5069 9
1972 5023 2260 5070 abhominor
2300 5021 2359 5069 M

969 5108 1236 5157 LXXXII.
1313 5107 1390 5155 Ex
1428 5107 1611 5155 Graeco
1650 5104 1834 5174 M992p
1875 5108 1956 5170 (ad
1993 5108 2294 5169 Cupidinem
2333 5106 2448 5157 add.
2490 5124 2520 5169 9
2556 5105 2632 5154 m2
2666 5113 2710 5156 et
2744 5106 2831 5174 μ),
2874 5107 2951 5154 Ex
2990 5107 3173 5155 Graeco
3211 5107 3491 5155 traductum
3536 5105 3839 5167 (traductum
3873 5122 3969 5155 om,
4006 5106 4053 5167 v)

797 5194 858 5242 ad
896 5195 1201 5256 Cupidinem
1236 5210 1290 5258 χ,
1332 5193 1572 5255 Cupidini
1605 5191 1680 5257 9³,
1721 5195 1922 5243 nullum
1959 5196 2139 5242 lemma
2185 5194 2240 5255 T,
2281 5195 2359 5243 Ad
2397 5194 2697 5258 Cupidinem
2734 5209 2798 5243 ex
2836 5194 3018 5243 Graeco
3056 5193 3187 5243 Scal.
3229 5195 3373 5254 volyo
3622 5192 3646 5242 1
3686 5195 3838 5242 misce
3874 5207 3966 5243 om.
4006 5191 4061 5239 M

808 5283 994 5343 (precor
1028 5295 1066 5330 ε.
1108 5297 1157 5327 υ.
1198 5277 1287 5341 m2)

973 5365 1264 5414 LXXXIII.
1341 5367 1419 5414 Ex
1457 5365 1638 5415 Graeco
1672 5363 1819 5435 ρρῖμ,
1883 5366 1965 5415 Ad
2000 5367 2193 5416 Dionen
2239 5367 2470 5427 (Dionem
2505 5365 2664 5429 muv2)
2719 5368 2779 5416 de
2827 5382 2991 5416 amore
3028 5381 3118 5416 suo
3154 5364 3343 5415 muv²E
3372 5368 3543 5427 cotye,
3601 5367 3789 5414 Veneri
3822 5363 3897 5428 11³,
3938 5367 4059 5414 nul-

802 5455 909 5500 lum
945 5454 1124 5501 lemma
1165 5451 1223 5512 T,
1266 5467 1462 5501 carmen
1497 5469 1598 5502 om.
1632 5452 1711 5500 Μυ
1925 5452 1946 5502 1
1989 5456 2235 5514 restringe
2278 5454 2320 5501 T
2530 5454 2559 5503 2
2599 5456 2703 5503 sace
2739 5455 3004 5503 Accureius
3040 5456 3183 5515 volyo
3395 5460 3667 5515 utrumque
3705 5469 3766 5515 ω,
3808 5454 4060 5513 utrimque

803 5537 1048 5588 Graevius

977 5623 1294 5674 LXXXIIII.
1372 5626 1448 5674 Ex
1485 5627 1641 5674 Greco
1676 5623 2423 5678 aPAhBTolNNIOITIAUTOO
2460 5627 2512 5691 V,
2556 5627 2635 5675 Ex
2673 5629 2856 5676 Graeco
2893 5643 3029 5697 αρχη
3067 5624 3120 5676 δε
3157 5643 3237 5677 τοι
3274 5641 3309 5673 11
3341 5626 3407 5689 M,
3454 5627 3531 5674 Ex
3558 5627 3743 5675 Graeco
3766 5643 3805 5691 χ
3846 5625 4059 5686 (traduc-

804 5719 913 5760 tum
949 5713 1009 5761 ad
1047 5712 1336 5774 cupidinem
1371 5711 1487 5762 add.
1532 5713 1614 5775 Ε),
1656 5714 1732 5761 Ex
1772 5713 1973 5775 GraecO,
2014 5710 2151 5783 ἀρχὴ
2187 5712 2247 5763 τὸ
2282 5710 2441 5781 ἥμισυ
2480 5711 2665 5771 παντός
2701 5715 2835 5763 Scaz.
2865 5716 3023 5776 volyo,
3066 5715 3265 5763 nullum
3303 5716 3484 5761 lemma
3525 5714 3566 5759 Τ
3781 5710 3798 5759 l
3843 5713 4063 5774 supersit

808 5815 849 5846 ω
887 5801 1032 5859 υοῑρο
