4630 6435
1655 414 2343 471 TECHNOPAEGNION
2384 416 2663 481 (XXVII).
3667 421 3786 485 139

1609 773 1694 843 13
1707 821 1725 841 .
1791 776 2716 845 GRAMMATICOMASTIX.

1207 966 1306 1031 En
1351 966 1834 1051 logodaedalia:
1889 966 2085 1033 stride
2130 968 2356 1051 mod0‚
2412 969 2521 1051 qui
2566 969 2835 1034 nimium
3217 978 3364 1037 trux
3685 989 3787 1039 349

1207 1060 1453 1135 frivola'
1484 1070 1905 1150 condemnas,
1956 1091 2272 1154 nequam:
2329 1070 2542 1157 <quia>
2591 1093 2734 1138 cum
2778 1073 2982 1158 pretio
3026 1081 3127 1140 est
3168 1094 3360 1140 mers.
3609 1078 3782 1141 (νοω)

1207 1174 1452 1239 Ennius
1497 1181 1569 1239 ut
1610 1182 1952 1257 memorat,
2003 1175 2250 1259 repleat
2292 1181 2357 1241 te
2403 1175 2751 1241 laetificum
3194 1199 3356 1262 gau:

1207 1276 1409 1342 livida
1453 1297 1636 1344 mens
1682 1278 2007 1343 hominum
2054 1285 2416 1345 concretum
2462 1279 2617 1346 felle
2664 1288 2895 1363 eoquat
3214 1302 3360 1366 pus.

1038 1401 1064 1442 5
1206 1379 1347 1462 die,
1390 1381 1549 1465 quid
1594 1382 1956 1464 significent
2002 1382 2347 1467 Catalepta
2390 1382 2716 1448 Maronis?
2757 1382 2827 1448 in
2871 1384 2974 1451 his
3297 1386 3361 1452 al

1205 1485 1533 1551 Celtarum
1580 1486 1825 1570 posuit,
1882 1486 2168 1570 sequitur
2212 1506 2341 1551 non
2387 1485 2663 1552 lucidius
3207 1495 3354 1554 tau:

1204 1595 1386 1654 estne
1431 1589 1756 1673 peregrini
1801 1610 1928 1654 vox
1973 1589 2253 1654 nominis
2299 1610 2384 1654 an
2429 1590 2600 1655 Latii
3287 1592 3367 1657 sil

1204 1698 1269 1757 et
1312 1692 1483 1775 quod
1530 1712 1833 1775 germano
1879 1692 2149 1757 mixtum
2192 1692 2364 1757 male
2410 1693 2733 1758 letiferum
3192 1696 3370 1761 min?

1205 1795 1579 1879 imperium,
1632 1795 1844 1876 litem,
1899 1815 2234 1870 venerem,
2291 1816 2403 1860 cur
2448 1817 2577 1861 una
2620 1804 2799 1863 notat
3222 1804 3370 1865 res?

1004 1917 1061 1960 ιο
1204 1898 1523 1982 lyntribus
1569 1897 1635 1963 in
1682 1899 1956 1980 geminis
2003 1905 2364 1964 constratus
2409 1905 2602 1983 ponto
2649 1899 2731 1965 sit
2774 1922 2858 1966 an
3162 1907 3369 1986 pons?

1202 2002 1504 2067 Bucolico
1554 2021 1788 2088 saepes
1834 2001 2001 2066 dixit
2042 2002 2252 2083 Mam,
2306 2022 2419 2067 eur
2463 2002 2688 2069 Cicero
3134 2012 3372 2090 saeps?

1202 2125 1327 2170 vox
1373 2105 1565 2170 solita
1610 2113 1674 2171 et
1719 2104 1968 2171 cunetis
2014 2105 2383 2186 notissima,
2438 2106 2494 2171 si
2540 2126 2852 2173 memores
3224 2109 3360 2175 lac:

1204 2229 1314 2275 cur
1360 2208 1843 2289 condemnatur,
1897 2208 2059 2275 ratio
2106 2209 2314 2292 magis
2361 2216 2433 2275 ut
2479 2206 2676 2275 faeiat
3196 2213 3371 2278 laet?

1201 2334 1319 2392 an,
1374 2312 1621 2398 Libyae
1668 2311 1871 2377 ferale
1917 2312 2155 2377 malum
2178 2363 2193 2394 ,
2247 2313 2332 2377 sit
2375 2314 2648 2379 Romula
2693 2334 2817 2379 vox
3175 2322 3370 2401 seps?

1006 2434 1061 2475 ιδ
1203 2416 1258 2481 si
1303 2416 1509 2481 bonus
1556 2422 1657 2482 est
1698 2415 1956 2498 insons,
2010 2416 2364 2482 contrarius
2410 2422 2476 2482 et
2519 2436 2666 2483 reus
2712 2424 2814 2485 est
3168 2426 3365 2485 sons?

1205 2519 1387 2585 dives
1431 2540 1625 2605 opum
1669 2539 1783 2586 eur
1828 2539 2062 2584 nomen
2106 2519 2304 2585 habet
2353 2521 2506 2586 Iove
2553 2519 2635 2586 de
2683 2521 2911 2606 Stygio
3223 2522 3368 2589 dis?

1205 2622 1374 2689 unde
1420 2623 1713 2689 Rudinus
1758 2623 1849 2688 ait
1903 2622 2163 2689 ‘divum
2210 2623 2439 2689 domus
2485 2624 2828 2690 altisonum
3158 2627 3319 2693 eael‘
3341 2632 3370 2689 i

1203 2733 1268 2792 et
1313 2727 1495 2792 euius
1541 2726 1622 2792 de
1667 2747 1878 2808 more,
1931 2727 2101 2809 quod
2146 2727 2428 2793 adstruit
2478 2726 2673 2793 ‘endo
2719 2746 2903 2793 suam
3216 2730 3367 2796 do’?

1202 2836 1314 2895 aut
1360 2830 1440 2897 de
1487 2829 1714 2895 fronde
1759 2830 2058 2913 loquens,
2106 2850 2218 2896 cnr
2262 2828 2420 2895 dicit
2471 2831 2788 2916 ‘populea
3115 2833 3372 2899 fruns’?

999 2950 1059 2992 20
1203 2932 1320 2998 sed
1365 2953 1488 3018 quo
1534 2932 1948 3017 progredior?
1991 2953 2156 3015 quae
2201 2932 2380 3017 finis,
2431 2933 2577 3017 quis
2622 2934 2852 3000 modus
2898 2942 2963 3001 et
3179 2938 3372 3003 calx?

1202 3034 1502 3120 indulge,
1556 3037 1831 3118 Pacate,
1883 3037 2121 3117 bonus,
2176 3035 2400 3102 doctus
2421 3087 2436 3120 ,
2489 3036 2703 3103 facilis
3244 3040 3363 3105 vir.

1201 3146 1402 3205 totum
1447 3159 1608 3226 opus
1653 3140 1776 3206 hoc
1820 3158 2150 3225 sparsum,
2205 3139 2403 3205 erinis
2448 3141 2628 3208 velut
2669 3142 3073 3228 Antiphilae,
3137 3202 3148 3211 .
3211 3163 3363 3229 pax.

690 3325 1207 3332 mf-uk*t—Q-0”
1246 3326 1359 3333 4⁴*

707 3429 805 3484 13.
879 3432 909 3482 3
949 3434 1083 3482 Eun.
1124 3433 1262 3485 Ann.
1305 3433 1399 3483 -151
1447 3436 1506 3485 V.
1756 3435 1785 3483 5
1812 3451 1919 3498 sqq.
1964 3438 2112 3494 Verg.
2156 3438 2262 3486 Cat.
2308 3435 2356 3496 2,
2401 3437 2432 3485 2
2458 3439 2514 3484 Β.
2556 3443 2645 3486 tau
2683 3438 2959 3498 Gallicum,
3003 3439 3105 3485 min
3143 3444 3195 3486 et
3230 3441 3344 3499 spin
3385 3445 3442 3486 ut
3479 3439 3605 3486 male
3642 3440 3793 3487 illisit

538 3521 801 3582 (scriptura
837 3523 1054 3578 int-erun
1095 3521 1163 3582 es.
1205 3522 1469 3572 Baehrens.
1514 3522 1647 3571 Poet.
1691 3523 1779 3570 lut.
1820 3525 1941 3573 min.
1987 3523 2044 3568 II
2077 3526 2140 3571 43
2165 3524 2291 3584 sqq.)
2472 3523 2503 3571 8
2540 3522 2609 3583 cs.
2640 3524 2815 3582 Quint.
2845 3525 2972 3571 VIII
3000 3523 3048 3584 3,
3081 3523 3147 3573 29
3185 3538 3555 3584 germanum
3593 3526 3794 3572 Cimber

532 3606 711 3654 occidit
922 3605 977 3654 11
1021 3608 1172 3666 Vei-g.
1216 3607 1324 3654 12:01.
1366 3609 1390 3655 1
1428 3606 1494 3656 53
1707 3606 1767 3655 17
1808 3609 1942 3656 Eun.
1983 3609 2119 3656 Ann.
2161 3607 2255 3657 561
2476 3608 2537 3657 18
2576 3610 2710 3658 Eun.
2752 3612 2889 3659 Ann.
2930 3609 3030 3658 562
3244 3610 3305 3658 19
3343 3611 3474 3659 Enn.
3513 3610 3650 3658 Anu.
3691 3608 3791 3658 563

535 3689 599 3740 22
637 3692 750 3743 Ter.
790 3693 976 3742 Heaut.
1005 3694 1057 3740 11
1095 3692 1145 3755 3,
1186 3692 1253 3743 49
1278 3707 1353 3756 sq.
1402 3693 1520 3756 (290
1546 3695 1643 3758 sq.)
1690 3694 1766 3757 (de
1802 3694 2076 3758 Antiphila)
2120 3696 2335 3757 capillus
2371 3710 2550 3758 passus
2586 3696 2816 3759 prolixus
2851 3698 3035 3745 circum
3073 3702 3230 3759 caput
3264 3697 3482 3745 reiectus
3520 3697 3792 3758 neclegen-

535 3782 627 3839 ter,
666 3791 765 3841 pax

704 4050 803 4107 18.
877 4056 1354 4106 Gramaticomastex
1380 4071 1481 4105 κω
1520 4058 1575 4121 Υ,
1616 4058 2132 4105 Grammaticomestix
2163 4057 2219 4119 C,
2258 4075 2354 4107 om.
2387 4075 2429 4107 ω
2649 4058 2664 4107 1
2710 4075 2738 4108 e
2775 4060 2815 4106 V
2834 4061 2998 4121 volyo,
3027 4065 3079 4107 et
3108 4059 3211 4121 Cw,
3239 4073 3303 4106 en
3329 4073 3415 4119 ⁰90
3624 4062 3788 4120 logoa-

532 4141 755 4190 daedalia
802 4143 859 4204 V,
924 4133 1029 4193 1008
1063 4143 1286 4192 dedalias
1327 4145 1386 4206 C,
1445 4144 1781 4205 logbodebalia
1826 4143 1883 4204 Τ,
1940 4144 2270 4204 logodacdalia
2307 4141 2337 4193 λ
2581 4146 2687 4193 ride
2729 4145 2786 4207 C,
2842 4146 3025 4194 strides
3067 4145 3176 4192 Tou
3213 4148 3353 4205 volqo
3585 4146 3708 4207 quid
3744 4162 3787 4194 ω

532 4226 562 4276 2
602 4228 939 4278 condemnans
975 4231 1060 4278 VT
1234 4244 1451 4293 nequam
1488 4231 1544 4292 V,
1586 4244 1899 4292 nequaquam
1930 4230 1972 4277 T
1995 4231 2157 4292 υοίρο,
2197 4245 2414 4292 nequam
2446 4245 2646 4294 quoque
2671 4236 2785 4292 cet„
2826 4246 3039 4293 nequam
3066 4233 3184 4293 quia
3207 4245 3324 4293 «ρος
3365 4246 3434 4279 an
3460 4233 3785 4294 nequiquam,

528 4317 658 4377 quod
679 4316 856 4376 probat
882 4316 1191 4368 Mommsen?
1348 4322 1428 4364 eat
1449 4329 1548 4365 om.
1586 4317 1628 4363 T
1783 4321 1892 4365 mes
1927 4317 1983 4380 Υ,
2011 4331 2153 4364 merx
2177 4321 2295 4379 eet„
2322 4331 2456 4366 mers
2483 4318 2697 4366 Merum
2835 4333 2885 4366 v.
2918 4317 2948 4365 3
2971 4321 3082 4379 post
3104 4333 3154 4366 v.
3186 4317 3250 4368 19
3276 4317 3365 4366 hae
3386 4318 3557 4379 forma
3579 4323 3631 4366 et
3656 4318 3788 4380 quod

530 4413 903 4464 nonnumquam
928 4406 1205 4466 praesumit
1233 4403 1612 4465 (nonnunquam
1637 4404 1968 4465 praesummit
1993 4400 2043 4465 λ)
2070 4403 2342 4451 laetificum
2368 4418 2463 4463 gau
2508 4405 2590 4453 Οω
2799 4406 2966 4467 replea
2998 4405 3055 4465 Υ,
3093 4403 3258 4466 replet
3281 4404 3600 4453 numanam
3622 4405 3786 4465 volve,

529 4489 719 4551 repleat
742 4503 828 4551 eqo
989 4489 1020 4538 4
1058 4504 1157 4539 om.
1189 4505 1233 4539 ω
1398 4495 1622 4552 quoquat
1652 4491 1707 4552 V,
1735 4492 1906 4552 coquit
1935 4489 1975 4535 C
2134 4490 2165 4537 5
2202 4491 2330 4537 seire
2354 4491 2511 4539 uelim
2536 4491 2775 4539 catalecta
2804 4491 3074 4552 (catalepta
3102 4489 3242 4552 ΤλΕ)
3272 4491 3446 4550 legens
3482 4490 3601 4552 quid
3627 4490 3787 4549 signi-

528 4576 645 4623 ssoet
684 4577 1013 4637 (significetur
1044 4577 1099 4638 Τ)
1143 4583 1225 4625 tau
1268 4577 1334 4638 (v.
1378 4576 1409 4625 6
1440 4579 1637 4639 omisso)
1687 4578 1771 4627 Cu»
1981 4577 2220 4625 catalecta
2252 4578 2398 4636 volyo
2608 4579 2689 4638 qm·
2724 4581 2960 4624 secuntur
2995 4593 3077 4626 vv.
3107 4579 3157 4637 7,
3185 4578 3239 4635 8,
3270 4580 3300 4624 9
3338 4578 3392 4624 in
3425 4577 3465 4623 Υ
3496 4576 3581 4624 hoc
3614 4577 3788 4624 ordine

528 4663 764 4721 tenuntur
787 4667 837 4723 9,
869 4667 917 4724 7,
947 4667 982 4712 8
1005 4670 1051 4713 et
1073 4668 1143 4713 ale
1166 4665 1333 4726 volyo,
1375 4668 1429 4712 in
1456 4665 1495 4710 C
1531 4664 1618 4712 hoc
1641 4667 1693 4723 8,
1725 4668 1771 4724 9,
1809 4667 1854 4723 7,
1897 4666 1951 4711 in
1977 4678 2019 4713 ω
2052 4680 2098 4712 υ.
2129 4666 2163 4711 8
2198 4666 2376 4711 omisso
2410 4679 2460 4712 v.
2494 4666 2523 4710 7
2558 4667 2780 4724 sequitur
2811 4678 3009 4711 venum
3036 4668 3097 4723 9,·
3134 4655 3307 4722 a'ptum
3341 4664 3533 4710 restitui
3567 4662 3788 4710 ordinem

523 4753 789 4808 praeeunte
823 4762 883 4797 ex
913 4756 1055 4810 parte
1092 4750 1344 4811 &alipes-o
1553 4750 1581 4797 7
1620 4751 1753 4797 sitne
1795 4752 1879 4797 Cm
2090 4751 2300 4812 peregni
2335 4750 2377 4797 V
2414 4750 2556 4811 (corr.
2595 4746 2684 4811 m2)
2898 4763 2963 4797 an
2999 4750 3109 4797 latii
3144 4749 3241 4810 VC,
3281 4749 3402 4797 anni
3431 4747 3541 4809 ΤΕ,
3579 4749 3704 4795 antii
3732 4746 3784 4809 λ,

2150 4818 2235 4850 tri·

528 4865 589 4900 an
617 4859 673 4900 tu
697 4856 788 4900 eet.
1004 4852 1035 4903 8
1072 4867 1169 4915 quo
1204 4852 1249 4900 V
1437 4852 1470 4900 9
1507 4848 1633 4918 una]
1655 4866 1808 4916 saepe
1841 4853 1883 4900 V
2075 4867 2312 4903 uenerem
2347 4853 2387 4899 Ο
2580 4857 2721 4901 notet
2751 4851 2833 4900 Οω
2860 4852 3002 4912 υοιρο
3206 4850 3267 4899 10
3305 4851 3544 4899 lintribus
3567 4849 3709 4898 codd.

527 4934 614 5005 an]
650 4953 728 4988 am
762 4939 816 5001 V,
860 4944 888 4986 ἰ
917 4939 959 4986 Τ
1166 4938 1221 4988 11
1262 4939 1511 4987 buccolico
1541 4938 1583 4985 Τ
1750 4952 1895 5002 sepes
1924 4939 1990 5000 Τ,
2028 4953 2176 5001 saepe
2203 4937 2263 4989 λ’
2409 4953 2543 4988 maro
2580 4939 2622 4986 V
2644 4939 2691 5000 (a
2715 4952 2773 4987 a
2797 4939 2844 5001 o)
3021 4951 3138 5000 sepa
3173 4936 3313 4984 codd.
3529 4935 3592 4985 12
3629 4924 3786 4984 s5me-

528 5038 686 5073 mores
719 5024 763 5072 V
788 5025 835 5085 (y
856 5022 948 5086 m2)
1155 5023 1217 5072 13
1254 5025 1613 5073 condemnatur
1646 5025 1703 5087 V,
1742 5025 2103 5073 condamnetur
2132 5026 2194 5088 T,
2232 5025 2595 5074 condemnetur
2617 5029 2705 5073 cet.
2736 5024 2878 5084 volqo
3074 5002 3133 5071 ut
3164 5023 3206 5070 Υ
3234 5023 3284 5084 (ιι
3310 5026 3363 5071 in
3387 5038 3487 5070 ras.
3512 5019 3602 5082 172²,
3644 5027 3666 5070 t
3688 5019 3776 5084 mff)

532 5110 593 5159 14
629 5112 781 5160 libiae
827 5111 928 5172 VC,
967 5111 1131 5172 lybiae
1170 5111 1232 5173 Τ,
1271 5112 1428 5159 libere
1466 5107 1495 5159 λ
1726 5110 1789 5160 16
1826 5107 1965 5177 love]
1999 5126 2153 5161 cume
2196 5113 2256 5174 Τ,
2294 5114 2444 5161 cuiue
2479 5109 2511 5161 λ
2737 5110 2885 5169 stigio
2931 5108 3021 5171 Υλ,
3061 5111 3210 5168 stytio
3251 5110 3292 5156 G
3514 5110 3609 5158 Dis
3644 5111 3786 5170 volgo

533 5195 593 5247 18
629 5197 831 5246 addidit
863 5198 904 5244 V
1113 5197 1175 5246 19
1210 5197 1516 5246 auddei'rfide
1563 5198 1603 5244 V
1633 5198 1751 5259 (erro
1775 5195 1850 5246 m²
1873 5201 1926 5246 in
1947 5198 2069 5259 raa.)
2283 5200 2385 5246 fros
2418 5198 2475 5261 V,
2515 5198 2620 5246 frus
2657 5197 2700 5244 Τ
2724 5198 2868 5257 volvo
2899 5195 2982 5257 (cf.
3014 5196 3223 5244 Ribbeck
3249 5195 3314 5243 ad
3347 5197 3484 5256 Verq.
3523 5196 3700 5257 Geor-9.
3729 5197 3790 5242 11

527 5284 649 5343 372,
691 5282 918 5344 Proleyy.
962 5285 1079 5346 ⁴20)
1316 5285 1449 5332 dicat
1490 5284 1571 5332 Cm
1818 5283 1883 5334 20
1921 5286 2235 5347 praegredior
2279 5285 2322 5332 V
2560 5282 2618 5333 21
2661 5285 2865 5345 pauline
2906 5283 2988 5332 Οω
3234 5281 3298 5332 22
3337 5285 3391 5330 in
3424 5297 3522 5344 my.
3561 5281 3634 5329 ml
3673 5282 3716 5329 Τ

527 5370 680 5416 crinis
716 5370 1054 5432 fiutcbtiphile
1100 5370 1138 5418 G
1378 5365 1503 5435 pax]
1538 5371 1659 5432 quid
1707 5371 1747 5417 V
1783 5371 1926 5433 (quid
1963 5367 2036 5418 m²
2072 5374 2127 5419 in
2161 5371 2320 5433 maj)
2567 5370 2782 5420 Finiunt
2815 5371 3091 5428 monosyiia
3130 5368 3193 5430 Τ,
3242 5369 3385 5417 Finis
3426 5367 3586 5430 (Finit
3621 5368 3679 5430 E)
3721 5368 3785 5416 de

532 5456 881 5516 monosyllabis
916 5458 997 5505 υΕ

1846 5612 2464 5621 -——————0-———-.-—.—

3257 5835 3369 5884 18·
