4630 6435
1909 429 2301 487 CAESARES
2344 432 2543 496 (XXI).
3740 439 3760 497 i
3785 439 3859 499 15

1807 757 2142 823 CAESAR
2187 757 2643 823 CALIGVLA.

1262 930 1416 995 Post
1459 930 1630 995 hunc
1678 930 1990 995 castrensi
2037 929 2290 1013 caligae
2339 931 2715 1014 cognomine
2761 952 2989 998 caesar
3571 954 3708 1013 (1111)
3750 950 3852 1003 264

1439 1033 1751 1098 successit
1795 1054 1988 1098 saevo
2036 1032 2291 1098 saevior
2334 1033 2633 1117 ingeni0,

1265 1134 1572 1200 caedibus
1616 1135 2009 1219 incestisque
2057 1136 2291 1202 dehinc
2336 1137 2702 1202 maculosus
2749 1143 2814 1202 et
2858 1138 3029 1202 omni

1094 1256 1156 1300 2ο
1434 1237 1696 1304 crimine
1741 1241 2056 1324 pollutum
2104 1238 2215 1324 qui
2260 1239 2594 1323 superavit
2635 1260 2850 1305 avum.

1998 1515 2447 1582 CLAVDIVS.

1260 1686 1574 1752 Claudius
1616 1686 1856 1751 inrisae
1903 1686 2150 1772 privato
2193 1686 2260 1751 iu
2305 1694 2593 1772 tempore
2639 1689 2840 1770 vitae,
3633 1710 3714 1771 (v)
3757 1709 3857 1760 265

1430 1789 1500 1853 in
1543 1809 1744 1873 regno
1791 1789 2120 1874 specimen
2165 1790 2449 1875 prodidit
2493 1790 2763 1874 ingenii.

1260 1891 1559 1959 libertina
1601 1899 1843 1974 tamen,
1898 1901 2241 1977 nuptarum
2288 1901 2353 1960 et
2396 1894 2664 1960 crimina
2709 1914 2941 1979 passus

1431 2016 1558 2061 non
1601 1996 1899 2063 faciendo
1943 2017 2216 2081 nocenS,
2272 2005 2372 2064 set
2415 1998 2720 2083 patiendo
2766 1998 2908 2065 fuit.

2091 2272 2346 2338 NERO.

1093 2466 1155 2508 25
1260 2444 1635 2510 Aeneadum
1681 2444 1939 2528 generis
1984 2443 2096 2526 qui
2143 2452 2365 2511 sextus
2409 2451 2475 2510 et
2516 2444 2781 2511 ultimus
2827 2446 3049 2529 hereS‚
3600 2467 3707 2530 (vl)
3751 2464 3853 2516 266

1431 2547 1667 2634 polluit
1710 2555 1775 2614 et
1821 2548 2054 2614 clausit
2098 2548 2267 2614 Iulia
2313 2568 2500 2615 sacra
2543 2551 2738 2615 Nero.

1259 2651 1524 2718 nomina
1565 2659 1719 2737 quot
1760 2652 2004 2737 pietas,
2060 2659 2153 2719 tot
2196 2653 2394 2719 habet
2438 2674 2690 2738 quoque
2736 2653 3004 2720 crimina
3048 2654 3243 2720 vitae.

1435 2757 1612 2823 disce
1656 2777 1739 2822 ex
1784 2757 2197 2838 Tranquillo:
2254 2764 2356 2823 set
2397 2757 2767 2823 meminisse
2815 2757 3015 2842 piget.

2064 3030 2376 3096 GALBA.

1261 3204 1390 3290 Spe
1436 3203 1739 3271 frustrate
1786 3225 2021 3286 seneX,
2075 3204 2364 3290 privatus
2411 3211 2668 3290 sceptra
2713 3203 2942 3272 mereri
3574 3227 3711 3288 (vn)
3753 3225 3851 3274 267

1092 3330 1153 3371 so
1434 3307 1613 3373 visus
1658 3327 1760 3389 es,
1813 3307 2085 3392 imperio
2132 3309 2425 3394 proditus
2471 3309 2753 3375 inferior.

1260 3411 1437 3476 fama
1480 3411 1596 3477 tibi
1641 3411 1869 3477 melior
1912 3412 2163 3477 iuveni:
2220 3418 2321 3477 set
2364 3411 2591 3477 iustior
2635 3413 2792 3478 ordo
2840 3419 2939 3477 est

1431 3513 1876 3600 conplacuisse
1922 3514 2189 3595 dehinc,
2244 3514 2655 3599 displicuisse
2700 3515 2901 3600 prius.

2090 3788 2345 3855 OTHO.

1261 3962 1537 4029 Aemula
1579 3962 1823 4046 polluto
1869 3968 2170 4045 gesturus
2217 3969 2471 4047 sceptra
2516 3963 2755 4028 Neroni
3548 3985 3715 4045 (vm)
3758 3983 3856 4035 268

1433 4066 1717 4131 obruitur
1760 4066 1957 4132 celeri
2001 4072 2223 4150 raptus
2268 4065 2435 4131 Otho
2482 4066 2700 4131 exitio.

1093 4190 1155 4230 ³⁵
1263 4169 1389 4235 fine
1436 4177 1654 4234 tamen
1698 4169 2064 4235 laudandus
2111 4169 2268 4249 erit,
2324 4168 2435 4251 qui
2479 4177 2681 4236 morte
2727 4168 2960 4235 decora

1435 4272 1559 4337 hoc
1605 4272 1809 4337 solum
1856 4272 2012 4337 fecit
2055 4271 2299 4352 nobile,
2356 4272 2529 4354 quod
2572 4271 2784 4357 periit.

767 4547 829 4603 2·
906 4550 969 4600 17
1027 4552 1167 4600 Suet.
1210 4550 1320 4600 Cal.
1361 4551 1394 4600 9
1443 4552 1696 4610 Caligulae
1731 4565 2005 4611 cognomen
2043 4552 2287 4600 castrensi
2327 4553 2432 4600 ioco
2469 4553 2624 4600 traxit
2851 4548 2919 4600 25
2976 4550 3046 4610 cf.
3090 4552 3291 4600 Lucret.
3334 4553 3354 4599 1
3398 4551 3417 4599 1
3477 4551 3622 4614 (adde
3658 4554 3849 4602 Auson.

595 4639 644 4685 V
680 4637 730 4700 3,
770 4637 797 4685 7
837 4642 883 4685 et
919 4639 1074 4700 epigr.
1117 4637 1203 4697 34,
1245 4636 1296 4699 2)
1521 4635 1586 4686 29
1611 4652 1685 4698 sq.
1732 4638 1845 4687 Tac.
1888 4638 2022 4687 nist.
2068 4640 2088 4686 1
2128 4636 2194 4686 49
2231 4639 2385 4686 maior
2420 4640 2611 4698 privato
2650 4639 2787 4685 visus
2825 4638 2945 4685 dum
2982 4639 3209 4700 privatus
3246 4640 3349 4687 fuit
3386 4644 3436 4686 et
3472 4639 3697 4686 omnium
3736 4652 3855 4688 con-

594 4738 748 4773 sensu
784 4738 941 4787 capax
977 4725 1194 4786 imperii,
1239 4725 1335 4772 nisi
1371 4724 1670 4786 imperasset

766 4965 948 5015 Caesar
972 4965 1215 5014 Callicula
1249 4964 1322 5026 W,
1354 4965 1536 5014 Caesar
1561 4964 1731 5026 Caliga
1758 4964 1820 5025 Σ,
1850 4965 1907 5014 C.
1938 4964 2164 5026 Caligula
2193 4965 2437 5027 (Calicula
2464 4965 2513 5027 σ)
2547 4967 2590 5012 Χ
2605 4967 2748 5025 volpe
2927 4964 2986 5013 17
3025 4965 3116 5013 hos
3144 4965 3251 5027 (hoc
3277 4964 3339 5034 φ)
3368 4967 3413 5012 Χ
3584 4946 3855 5014 castrensis

594 5052 760 5115 codd„
801 5053 1047 5101 castrensi
1081 5065 1169 5112 eqo
1381 5048 1583 5117 Caesar]
1621 5051 1775 5099 Gaius
1810 5051 1870 5099 L.
1905 5050 2112 5101 Mueller
2324 5051 2387 5100 19
2423 5052 2630 5100 sedibus
2667 5052 2718 5100 Χ
2921 5053 3227 5113 incertisque
3256 5048 3387 5099 M²X
3592 5047 3857 5118 Claudius]

595 5138 775 5188 Caesar
808 5137 927 5187 add.
962 5138 1118 5185 VBW
1163 5137 1250 5198 Uy.
1291 5139 1449 5200 volvo,
1493 5139 1657 5187 Diuus
1693 5138 1845 5186 Cesar
1880 5138 1993 5187 add.
2028 5138 2076 5184 Σ
2285 5135 2344 5186 21
2388 5140 2577 5186 inrisae
2611 5137 2719 5201 ΥΣ,
2758 5140 2933 5187 irrisae
2968 5143 3059 5187 eet.
3273 5140 3502 5199 priusato
3540 5137 3590 5185 Σ
3628 5138 3742 5200 (om.
3774 5138 3850 5199 in)

595 5226 659 5274 22
698 5226 863 5288 prodit
902 5224 949 5273 Σ
968 5223 1074 5286 (ml)
1312 5226 1518 5287 imperii
1553 5225 1599 5272 Β
1808 5224 1873 5273 23
1912 5230 1963 5273 et
1998 5226 2208 5273 crimina
2242 5239 2427 5288 passus
2463 5225 2515 5286 V,
2558 5231 2693 5273 certa
2728 5230 2946 5288 potestas
2994 5224 3068 5285 W,
3107 5238 3205 5272 om.
3243 5222 3471 5271 ΒΣΜῖΧ
3676 5223 3741 5273 24
3779 5230 3860 5273 aet

607 5314 657 5370 V,
700 5313 788 5362 sed
823 5316 916 5361 eet.
1129 5313 1255 5359 Nero
1293 5310 1486 5360 Saeuus
1524 5311 1574 5359 Σ
1782 5312 1847 5361 25
1885 5312 2030 5375 heres
2070 5313 2111 5359 B
2145 5317 2190 5359 et
2229 5310 2278 5358 Σ
2318 5314 2392 5375 (in
2430 5326 2525 5374 quo
2558 5316 2670 5372 post
2706 5311 2846 5373 add.)
3061 5310 3126 5359 26
3178 5311 3324 5359 iulias
3363 5311 3411 5358 Σ
3619 5309 3684 5358 27
3723 5310 3855 5372 quod

607 5399 648 5445 V
678 5403 724 5446 et
761 5398 810 5445 Σ
852 5396 957 5459 (νηί)
1172 5395 1404 5464 crimina]
1443 5400 1645 5447 nomina
1687 5400 1729 5446 Χ
1937 5397 2001 5447 28
2039 5400 2285 5460 tranquilo
2335 5399 2396 5445 W
2601 5403 2680 5446 set
2726 5400 2775 5460 V,
2820 5398 2905 5446 sed
2945 5409 2995 5458 σ,
3038 5404 3091 5446 et
3125 5394 3452 5465 ΒΣΜῖιμφ,
3497 5411 3575 5445 me
3614 5397 3686 5458 W,
3726 5412 3856 5459 quae

605 5483 908 5546 vm.⁴00190
1120 5485 1322 5544 Sergius
1350 5485 1504 5534 Galba
1538 5485 1648 5549 U9.‚
1696 5485 1901 5535 Servius
1928 5485 2084 5534 Galba
2107 5486 2251 5544 volvo
2463 5483 2527 5533 29
2566 5484 2697 5547 Sepe
2732 5486 2775 5533 V
2801 5490 2938 5545 (corr.
2969 5480 3082 5544 m2),
3123 5497 3212 5544 spe
3249 5483 3322 5545 W,
3366 5497 3504 5545 spem
3529 5489 3618 5533 eet.
3648 5485 3787 5544 volpe

596 5573 758 5620 teneri
795 5570 841 5618 B
1067 5568 1133 5619 30
1167 5568 1249 5636 es]
1284 5577 1335 5619 et
1381 5572 1420 5618 V
1624 5572 1852 5634 proditur
1890 5571 1939 5619 Σ
2169 5569 2228 5620 31
2274 5577 2353 5619 set
2401 5571 2456 5634 V,
2497 5572 2587 5620 sed
2623 5575 2715 5620 eet.
2930 5559 3101 5618 iusti⁰r
3145 5569 3187 5617 V
3224 5569 3292 5630 (or
3325 5565 3415 5628 m2)
3631 5568 3696 5617 32
3734 5582 3855 5617 con·

596 5660 842 5721 placuisse
886 5658 938 5716 V,
982 5658 1341 5719 complacuisse
1377 5662 1465 5708 cet.
1681 5659 1750 5707 M.
1794 5659 1922 5708 Otho
1971 5658 2060 5719 Uy.
2103 5659 2243 5717 volyo
2469 5656 2535 5706 34
2572 5658 2868 5706 obtusistur
2911 5656 2950 5702 V
3155 5656 3219 5704 35
3258 5658 3353 5705 erit
3388 5652 3499 5723 qui]
3536 5656 3624 5718 qui
3666 5653 3855 5717 (deinde

595 5746 690 5795 lae.
734 5749 966 5807 quattuor
999 5742 1108 5802 fere
1143 5745 1259 5804 litt.)
1302 5744 1349 5791 B
2984 5763 2987 5766 ·

3330 5842 3439 5893 15*
