4630 6435
879 460 960 517 40
2361 448 2667 505 AVSONII

1184 789 1464 885 XIIII.
1535 786 2375 886 GENETHLIACON
2440 786 2591 884 AD
2659 786 3245 885 AVSONIVM
3307 786 3847 884 NEPOTEM.

1551 1001 1853 1067 Carmina
1898 1001 2106 1085 prima
2149 1000 2270 1065 tibi
2315 1020 2459 1065 cum
2504 1000 2633 1065 iam
2681 1000 3041 1085 puerilibus
3086 1000 3273 1065 annis
3703 1020 3804 1069 323
3850 1020 4031 1079 (Edyu.
4074 1021 4142 1080 v)

1551 1104 1834 1170 traderet
1877 1105 2136 1170 adsidui
2183 1105 2594 1188 permulcens
2641 1123 2794 1168 cura
2837 1104 3128 1187 magistri
4012 1107 4142 1167 (ΥΡ)

1549 1208 1966 1290 inbueretque
2010 1227 2214 1272 novas
2259 1227 2450 1272 aures
2499 1226 2854 1289 sensusque
2903 1227 3243 1289 sequaceS,

1550 1317 1619 1375 ut
1664 1311 2149 1395 respondendas
2197 1311 2392 1376 docili
2436 1331 2687 1393 quoque
2732 1331 3054 1375 murmure
3099 1330 3293 1375 voces

1419 1436 1443 1473 ⁵
1552 1414 1900 1480 emendata
1944 1414 2089 1479 rudi
2132 1414 2448 1498 proferret
2490 1414 2716 1497 lingua
2761 1415 3013 1498 palato,

1551 1517 1921 1582 addidimus
1968 1518 2058 1582 nil
2103 1518 2285 1583 triste
2334 1537 2549 1597 senes,
2603 1537 2684 1582 ne
2731 1536 2884 1582 cura
2929 1516 3249 1582 monendi-

1554 1620 1843 1686 laederet
1886 1627 1998 1686 aut
2041 1620 2265 1686 dulces
2311 1627 2539 1704 gustus
2584 1620 2844 1686 vitiaret
2888 1620 3150 1684 amaris.

1554 1730 1622 1788 at
1666 1723 1888 1804 modo,
1945 1743 2087 1789 cum
2133 1730 2306 1789 motu
2355 1723 2580 1807 vigeas
2624 1723 2754 1787 iam
2802 1722 3063 1806 puberis
3110 1722 3293 1803 aevi,

1557 1827 1877 1910 fortiaque
1923 1847 1964 1891 a
2006 1827 2245 1893 teneris
2291 1827 2502 1911 possis
2549 1846 2884 1891 secernere
2932 1834 2996 1891 et
3037 1826 3178 1910 ipse

1388 1952 1446 1990 ιθ
1558 1931 1921 1996 admonitor
1964 1950 2335 2012 morumque
2381 1929 2496 1995 tibi
2543 1929 2853 2013 fandique
2897 1928 3135 2010 videri,

1555 2033 1777 2117 accipe
1824 2054 1949 2098 non
1993 2039 2347 2118 praecepta
2391 2033 2724 2114 equidem,
2778 2040 2877 2098 set
2921 2038 3072 2096 vota
3116 2032 3439 2117 precantis

1558 2144 1622 2202 et
1666 2137 1980 2220 gratantis
2024 2138 2131 2202 avi
2177 2137 2414 2202 festum
2462 2137 2548 2202 ad
2594 2137 2906 2201 sollemne
2951 2136 3224 2220 nepotis.

1554 2342 1810 2423 adnuit,
1866 2350 1937 2409 ut
1979 2343 2279 2409 reducem
2328 2343 2602 2408 fatorum
2648 2344 2731 2408 ab
2776 2343 2903 2407 fine
2950 2350 3277 2408 senectam

1560 2466 1782 2530 sospes
1829 2467 2024 2529 agam
2070 2446 2433 2528 festumque
2481 2445 2650 2511 diem
2700 2445 3116 2529 dubitataque
3163 2466 3419 2511 ceruam

1390 2570 1450 2610 ιε»
1559 2550 1809 2631 sidera,
1866 2549 2160 2632 deposito
2206 2569 2405 2634 prope
2454 2550 2889 2614 conclamatus
2934 2549 3001 2613 in
3047 2569 3230 2615 aevo.

1559 2653 1711 2735 boc,
1765 2653 2009 2719 mellite
2053 2672 2288 2737 nepos,
2346 2652 2673 2736 duplicato
2719 2652 2980 2719 faenore
3024 2658 3278 2737 partum

1557 2756 1760 2821 natali
1803 2757 2152 2821 accedente
2198 2762 2343 2835 tuo,
2401 2775 2756 2839 munusque
2801 2755 3028 2821 salutis

1557 2859 1811 2943 plenius
1857 2859 1976 2924 boc
2021 2866 2312 2941 nostrae,
2369 2858 2540 2942 quod
2582 2858 2712 2923 iam
2761 2859 2876 2923 tibi
2920 2857 3183 2944 puberis
3229 2859 3375 2924 aevi

1557 2962 1784 3028 crescit
1826 2962 2031 3028 honos
2076 2963 2500 3045 iuvenemque
2547 2981 2746 3027 senex
2791 2962 2920 3026 iam
2968 2981 3157 3027 cerno
3202 2968 3523 3046 nepotem.

1389 3086 1450 3126 20
1560 3073 1744 3130 sexta
1787 3065 1901 3131 tibi
1948 3066 2108 3130 haec
2153 3064 2358 3150 primo
2403 3071 2648 3130 remeat
2691 3064 2966 3130 trieteris
3011 3065 3093 3129 ab
3139 3085 3333 3145 anno,

1557 3168 1970 3254 Septembres
2015 3168 2182 3234 notis
2227 3168 2515 3235 referens
2560 3167 2886 3234 natalibus
2933 3167 3096 3234 idus,

1556 3273 1703 3337 idus
1748 3274 1923 3337 alma
1969 3271 2144 3352 dies,
2199 3271 2413 3355 geniis
2459 3291 2710 3354 quoque
2757 3273 2930 3338 culta
2974 3271 3259 3336 deorum.

1563 3376 1843 3441 Sextiles
1886 3376 2130 3440 Hecate
2178 3374 2452 3439 Latonia
2496 3374 2782 3439 vindicat
2825 3373 3008 3456 idus,

1561 3477 1913 3544 Mercurius
1959 3478 2199 3558 Maias,
2256 3498 2633 3563 superorum
2679 3477 3021 3543 adiunctus
3069 3478 3324 3558 honori,

1392 3601 1453 3642 25
1561 3582 1866 3647 Octobres
1912 3583 2060 3647 olim
2107 3582 2364 3666 genitus
2409 3582 2585 3645 Maro
2634 3580 2891 3646 dedicat
2934 3580 3120 3646 idus:

1561 3684 1706 3750 idus
1753 3704 1949 3769 saepe
1995 3686 2171 3752 colas
2215 3685 2314 3751 bis
2363 3685 2537 3750 senis
2583 3685 2912 3750 mensibus
2958 3705 3214 3764 omneS,

1562 3788 1831 3853 Ausonii
1877 3789 2260 3871 quicumque
2307 3789 2436 3854 mei
2480 3788 2910 3854 celebraveris
2954 3787 3123 3853 idus.

1734 3892 1882 3957 vale
1926 3912 2125 3976 nepos
2173 3892 2570 3957 dulcissime.

1053 4136 1240 4184 -Χ1111,
1315 4135 1346 4183 4
1400 4134 1524 4184 Stat.
1571 4135 1693 4186 silv.
1738 4136 1785 4182 11
1826 4135 1872 4194 1,
1922 4134 2014 4182 104
2055 4141 2216 4183 mutas
2255 4137 2545 4183 etiamnunc
2582 4149 2837 4182 murmure
2875 4149 3017 4182 voces
3238 4136 3266 4181 ἴ)
3318 4135 3467 4194 Verg.
3510 4134 3686 4194 Georg.
3732 4134 3806 4182 111
3846 4135 3945 4183 :388
3983 4135 4156 4196 lingua

896 4222 1061 4283 palato
1312 4221 1370 4269 14
1426 4222 1551 4270 Stat.
1597 4222 1718 4270 Silv.
1761 4223 1784 4268 1
1824 4221 1883 4282 4,
1927 4221 1956 4269 3
1995 4221 2319 4281 dubitataque
2357 4222 2516 4269 sidera
2555 4224 2716 4269 cernit
2958 4220 3022 4269 24
3057 4234 3166 4281 sqq.
3218 4221 3365 4269 Mart.
3405 4222 3503 4268 Xll
3544 4220 3607 4268 67
3657 4221 3815 4268 Maiae
3854 4221 4153 4269 Mercurium

894 4308 1099 4355 creastis
1137 4307 1268 4357 idus.
1332 4308 1579 4367 Augustis
1616 4307 1745 4354 redit
1784 4307 1950 4354 idibus
1988 4308 2166 4354 Diana.
2231 4307 2468 4355 Octobres
2504 4307 2641 4357 Maro
2677 4308 2984 4356 consecravit
3020 4306 3149 4356 idus.
3218 4307 3330 4354 idus
3367 4321 3514 4367 saepe
3551 4307 3680 4355 colas
3716 4312 3767 4355 et
3808 4307 3897 4354 has
3935 4312 3989 4354 et
4023 4308 4150 4366 illas,

893 4396 983 4456 qui
1024 4395 1193 4454 magni
1232 4395 1452 4442 celebras
1489 4393 1710 4442 Maronis
1746 4394 1863 4441 idus

1069 4620 1242 4667 xlm.
1316 4619 1574 4665 Ausonius
1619 4620 1676 4680 (Α
1717 4633 1774 4664 ex
1812 4617 1845 4666 S
1881 4614 1970 4677 πιῖ]ι
2013 4632 2155 4665 annS.
2218 4618 2440 4666 Ausonio
2477 4617 2648 4678 nepoti
2694 4616 2745 4673 V,
2802 4618 2943 4679 incip*
2979 4617 3105 4666 ei'de
3146 4619 3339 4666 Decimi
3376 4607 3486 4677 Μιὲ
3522 4618 3735 4664 Ausonii
3761 4616 4156 4664 Genethliaticos

894 4705 956 4753 ad
994 4709 1058 4752 eu
1083 4697 1163 4753 ἐῐῇ
1201 4705 1483 4752 Ausonium
1522 4710 1755 4765 nepotem
1787 4703 1842 4764 P,
1887 4705 2072 4765 Incipit
2109 4704 2334 4751 eiusdem
2364 4704 2551 4750 Decimi
2580 4703 2649 4750 M.
2679 4704 2891 4749 Ausonii
2925 4703 3277 4751 Genethliacos
3314 4704 3372 4751 ad
3401 4705 3684 4751 Ausonium
3724 4709 3958 4766 nepotem
3992 4700 4152 4760 Ven.⁴,

897 4791 1256 4839 Genethliacon
1293 4791 1353 4838 ad
1399 4792 1634 4853 (eundem
1670 4790 1788 4839 add.
1832 4790 2018 4850 Luqd.)
2062 4792 2344 4838 Ausonium
2384 4796 2619 4852 nepotem
2658 4789 2820 4848 Luyd.
2848 4790 2988 4849 volyo
3203 4788 3220 4836 1
3266 4792 3486 4851 praemia
3514 4790 3559 4836 P
3764 4789 3794 4838 2
3831 4789 4021 4836 assidui
4050 4789 4094 4835 P

895 4878 1216 4939 permulgens
1260 4877 1303 4923 P
1510 4877 1539 4923 3
1578 4867 1900 4937 iniueretque
1947 4877 1985 4921 V
2024 4879 2072 4936 (n
2102 4873 2192 4937 m‘-')
2409 4876 2551 4921 nobis
2596 4874 2636 4920 V
2842 4876 2870 4922 5
2906 4878 3107 4941 ,pserret
3153 4875 3206 4936 V,
3244 4875 3488 4938 perferret
3525 4874 3570 4922 P
3775 4875 3808 4922 6
3845 4874 4077 4923 mobendi
4126 4874 4161 4918 V

900 4963 1042 5024 (corr.
1083 4961 1194 5025 m2),
1238 4964 1474 5012 mouendi
1516 4962 1577 5022 P,
1618 4963 1854 5011 monendi
1899 4959 2042 5010 ναι*
2287 4961 2313 5008 7
2356 4961 2521 5008 ledere
2558 4961 2602 5007 P
2834 4960 2994 5008 dulcis
3028 4961 3113 5007 VP
3354 4960 3384 5009 8
3422 4961 3482 5008 ad
3530 4961 3567 5006 V
3605 4962 3644 5021 (t
3668 4958 3754 5020 m2)
3994 4964 4159 5008 animo

897 5063 1011 5095 cum
1049 5049 1094 5095 P
1369 5051 1400 5098 9
1436 5051 1906 5111 possisquecernere
1954 5047 1995 5092 V
2272 5035 2639 5109 ll-praecepte'i
2683 5047 2722 5091 V
2757 5047 2803 5108 (a
2838 5043 2927 5108 m2)
3209 5048 3411 5108 quidem
3459 5047 3541 5093 VP
3573 5048 3718 5106 volyo
3991 5047 4083 5095 sed
4118 5045 4160 5092 P

902 5132 962 5182 12
999 5141 1052 5182 et
1095 5135 1191 5196 VP,
1233 5136 1321 5196 qui
1363 5133 1524 5196 Ven.⁴‚
1566 5137 1688 5196 quin
1727 5134 1860 5181 Scae.
1901 5134 2043 5192 volyo
2285 5133 2567 5195 sollempne
2606 5132 2650 5178 P
2887 5137 2997 5193 post
3033 5151 3081 5180 v.
3127 5137 3148 5179 1
3161 5136 3191 5180 z?
3228 5132 3467 5194 quaedam
3505 5132 3734 5180 excidisse
3771 5133 4011 5180 intelle-tit
4056 5132 4159 5178 Tou

902 5217 963 5266 13
999 5219 1177 5267 adnuit
1220 5220 1274 5281 V,
1315 5222 1494 5269 annuit
1531 5221 1587 5282 P,
1629 5221 1837 5268 adnuito
1873 5220 2004 5268 Scal.
2047 5220 2189 5278 volyo
2397 5218 2456 5264 ad
2504 5218 2558 5278 V,
2597 5220 2655 5266 ab
2696 5219 2740 5265 P
2974 5217 3033 5266 14
3073 5220 3173 5266 dici
3215 5219 3259 5265 P
3494 5218 3553 5266 15
3592 5218 3756 5266 sidora
3796 5217 3837 5264 P
4046 5232 4160 5265 con-

897 5306 1123 5352 clauatus
1162 5305 1206 5351 P
1413 5307 1476 5355 16
1513 5308 1705 5355 mollite
1742 5321 1904 5368 nepus
1937 5305 1981 5351 P
2190 5304 2249 5353 17
2288 5287 2727 5353 taliacedetetuoto
2765 5305 2803 5350 V
3026 5304 3087 5352 19
3125 5318 3274 5352 senes
3310 5306 3349 5351 V
3554 5308 3685 5352 certo
3724 5303 3769 5350 P
3976 5302 4043 5352 20
4079 5319 4158 5352 re-

899 5398 1096 5439 maneat
1134 5391 1177 5437 P
1415 5376 1539 5439 anno
1586 5394 1627 5438 V
1664 5395 1716 5453 (n
1750 5407 1827 5452 pr.
1869 5389 1956 5450 m2)
2226 5390 2284 5438 21
2330 5392 2489 5438 nostis
2529 5390 2585 5450 P,
2627 5389 2836 5449 sortasse
2874 5392 3001 5437 votis
3246 5389 3312 5439 22
3350 5404 3509 5451 genus
3550 5391 3591 5436 P
3711 5458 3737 5468 ..
3831 5390 3897 5438 23
3936 5390 4083 5454 hecte
4129 5392 4165 5438 V

898 5475 963 5524 24
1001 5477 1162 5523 mains
1211 5477 1249 5523 V
1473 5480 1780 5541 superiorum
1820 5478 2050 5525 adiuctus
2090 5476 2135 5523 P
2358 5474 2424 5523 25
2461 5477 2657 5524 octobre
2695 5476 2855 5523 solnm
2893 5475 2937 5521 P
3160 5491 3292 5524 mare
3334 5476 3378 5521 P
3604 5476 3857 5526 maroidns
3882 5477 4080 5524 dedicat
4128 5477 4163 5522 V

901 5563 968 5622 (··'
1092 5561 1209 5611 add.
1252 5560 1341 5624 1712)
1592 5563 1658 5612 26
1696 5578 1893 5626 semper
1930 5563 1975 5610 P
2217 5563 2348 5609 colas
2392 5563 2431 5608 V
2468 5565 2540 5622 (as
2579 5563 2632 5608 in
2668 5564 2788 5621 ms.)
3060 5560 3122 5609 27
3162 5563 3451 5622 quicunque
3492 5563 3535 5609 P
3773 5563 4086 5610 celebrandis
4127 5563 4166 5609 Ρ

900 5647 964 5695 28
1003 5650 1125 5696 Vale
1165 5663 1317 5710 nepos
1355 5649 1642 5698 dulcissime
1690 5652 1739 5712 V,
1780 5665 1874 5700 om.
1921 5650 1965 5696 P
2172 5649 2396 5709 Explicit
2431 5648 2806 5709 genethliaticos
2846 5648 2890 5693 P
