4630 6435
1877 430 2392 487 PROFESSORES
2439 432 2629 495 (XVI).
3798 439 3881 499 59

1410 708 1480 775 6.
1537 707 1848 773 ATTIVS
1895 707 2096 774 TIRO
2143 708 2666 774 DELPHIDIVS
2712 708 3080 774 RHETOR.

1493 880 1830 962 Facunde‚
1884 880 2104 961 docte,
2161 881 2382 964 lingua
2426 887 2492 946 et
2532 880 2792 963 ingenio
2837 882 3041 959 celer,
3338 898 3341 899 ’
3665 901 3758 950 195
3799 902 3875 961 (vs

1660 983 1820 1048 iocis
1866 1004 2166 1063 amoene,
2220 983 2570 1067 Delphidi,

1491 1088 1829 1152 subtextus
1875 1096 2012 1154 esto
2057 1087 2260 1153 flebili
2303 1087 2530 1152 threno
2576 1085 2815 1170 patris,

1665 1192 1847 1257 laudi
1894 1199 1963 1258 ut
2008 1192 2275 1257 subibas
2323 1191 2640 1256 aemulus.

1358 1315 1384 1352 ⁵
1492 1303 1559 1361 tu
1607 1316 1815 1380 paene
1860 1297 1941 1362 ab
1989 1296 2150 1380 ipsis
2196 1314 2381 1360 orsus
2426 1293 2832 1360 incunabulis

1665 1398 1772 1463 dei
1815 1405 2010 1483 poeta
2053 1397 2326 1477 nobiliS‚

1492 1508 1730 1566 sertum
1776 1522 2048 1567 coronae
2094 1501 2467 1587 praeferens
2515 1500 2893 1584 Olympiae,

1664 1625 1824 1689 puer
1867 1605 2213 1671 celebrasti
2257 1605 2498 1669 Iovem.

1491 1729 1638 1772 mox
1683 1708 1836 1774 inde
1882 1708 2117 1774 cursim
2164 1728 2340 1774 more
2386 1705 2683 1772 torrentis
2728 1706 2876 1772 freti

1327 1833 1383 1872 ιο
1667 1831 1821 1896 epos
1868 1812 2090 1896 ligasti
2137 1811 2505 1890 metricum,

1491 1923 1561 1981 ut
1604 1916 1824 1981 nullus
1870 1935 2076 1998 aeque
2122 1917 2269 2000 lege
2315 1915 2480 1979 liber
2523 1913 2872 1981 carminum

1663 2019 2009 2085 orationem
2054 2026 2326 2085 texeret.

1492 2123 1815 2188 celebrata
1858 2122 2035 2187 varie
2082 2122 2262 2187 cuius
2309 2120 2678 2202 eloquentia

1665 2226 1836 2291 domi
1883 2225 2164 2308 forisque
2211 2223 2477 2305 claruit,

1327 2350 1383 2388 ιε»
1493 2349 1605 2394 seu
1654 2336 1720 2394 tu
1769 2329 2042 2394 cohortis
2088 2329 2453 2413 praesulem
2500 2326 2858 2411 praetoriae

1665 2433 2136 2517 provinciarum
2182 2439 2295 2498 aut
2338 2431 2586 2496 iudices

1492 2537 1768 2616 coleres,
1824 2536 2082 2601 tuendis
2128 2536 2390 2601 additus
2440 2534 2783 2600 clientibus

1662 2640 1875 2705 famae
1920 2647 1985 2706 et
2030 2640 2257 2705 salutis
2303 2638 2564 2704 sauciis.

1492 2742 1682 2821 felix,
1738 2742 1973 2824 quietis
2020 2742 2075 2807 si
2123 2761 2420 2807 maneres
2465 2741 2729 2821 litteris,

1321 2865 1381 2905 20
1663 2865 1824 2931 opus
1870 2846 2294 2911 Camenarum
2341 2845 2595 2925 colens,

1491 2970 1610 3015 nec
1656 2948 1806 3014 odia
1850 2949 2103 3033 magnis
2151 2948 2469 3013 concitata
2512 2946 2734 3012 litibus

1661 3060 1941 3119 armaret
1984 3053 2154 3119 ultor
2194 3053 2512 3135 impetus,

1488 3175 1607 3222 nec
1651 3155 1939 3240 inquieto
1986 3156 2290 3241 temporis
2338 3154 2661 3241 tyrannici

1662 3260 1904 3345 palatio
1951 3268 2014 3326 te
2059 3260 2429 3326 adtollereS.
2492 3316 2496 3320 ,

1321 3383 1383 3424 25
1489 3363 1641 3428 dum
1687 3382 1864 3448 spem
1911 3371 2219 3429 remotam
2266 3382 2521 3447 semper
2564 3362 2840 3428 arcessis
2885 3362 3035 3443 tibi,

1663 3466 2038 3532 fastidiosus
2084 3466 2352 3546 obviae,

1487 3577 1794 3652 tuumque
1840 3569 2047 3633 mavis
2092 3587 2236 3634 esse
2280 3588 2473 3652 quam
2517 3567 2637 3633 fati
2681 3569 2953 3646 bonum,

1663 3672 2050 3738 desiderasti
2099 3671 2411 3756 plurima,

1490 3795 1696 3859 vagus
1742 3796 1854 3861 per
1901 3795 2124 3842 omnes
2172 3775 2557 3859 dignitatum
2604 3774 2913 3840 formulas

1321 3903 1380 3942 30
1661 3880 2051 3962 meritusque
2097 3880 2286 3964 plura
2332 3899 2521 3962 quam
2569 3898 2822 3961 gerens.

1490 3982 1661 4047 unde
1707 3983 1997 4048 insecuto
2045 3982 2381 4047 criminum
2428 3989 2600 4047 motu
2646 3982 2831 4065 gravi

1661 4086 1937 4151 donatus
1982 4087 2308 4151 aerumnis
2354 4085 2580 4170 patris,

1489 4209 1635 4254 mox
1680 4189 1832 4255 inde
1878 4190 2121 4268 rhetor,
2177 4210 2296 4255 nec
2343 4188 2614 4255 docendi
2662 4188 2991 4273 pertinaX‚

1662 4313 1875 4358 curam
1923 4292 2214 4359 fefellisti
2262 4299 2548 4377 patrum:

1321 4419 1382 4458 35
1489 4396 1697 4461 minus
1744 4397 2052 4461 malorum
2099 4416 2363 4462 munere
2410 4402 2714 4480 expertus
2760 4395 2897 4476 dei,

1660 4499 1874 4565 medio
1919 4501 2088 4583 quod
2134 4500 2281 4565 aevi
2327 4507 2548 4585 raptus
2594 4519 2697 4580 es,

1488 4624 1697 4669 errore
1741 4604 1915 4686 quod
1959 4623 2085 4668 non
2131 4602 2451 4668 deviantis
2495 4602 2667 4668 filiae

1660 4726 1993 4791 poenaque
2039 4707 2256 4770 laesus
2300 4705 2612 4790 coniugis,

787 4979 850 5034 6ο
920 4983 952 5031 9
989 4984 1140 5043 Verg.
1184 4986 1312 5033 Aen.
1355 4986 1402 5034 X
1440 4984 1539 5035 603
1578 4987 1808 5033 torrentis
1845 4999 2004 5046 aquae
2043 5020 2054 5032 .
2091 5020 2101 5031 .
2137 5021 2149 5033 .
2192 4997 2328 5032 moro

784 5221 845 5274 6.
918 5226 1116 5273 Atticus
1161 5229 1299 5287 (corr.
1343 5225 1501 5286 Scal.)
1545 5227 1661 5274 Tiro
1701 5227 1947 5274 Delssdius
1986 5227 2148 5274 rethor
2198 5227 2235 5273 V
2275 5227 2347 5285 (in
2382 5241 2481 5286 my.
2521 5224 2597 5273 m²
2632 5235 2789 5276 metro
2828 5234 2883 5275 ut
2920 5229 3086 5290 supra)
3314 5227 3333 5275 1
3377 5229 3556 5291 lingue
3604 5228 3657 5290 V,
3698 5229 3867 5290 lingua

603 5317 658 5358 et
698 5309 927 5358 Pithoeus
1136 5310 1166 5359 2
1203 5312 1371 5360 deludi
1418 5314 1458 5359 V
1663 5312 1693 5360 3
1731 5319 1873 5360 trono
1920 5313 1959 5360 V
2183 5311 2214 5360 4
2252 5314 2451 5360 mulus
2500 5313 2535 5358 V
2576 5316 2713 5374 (corr.
2755 5311 2843 5374 m2)
3063 5315 3090 5361 7
3130 5297 3319 5377 olipiao
3367 5315 3407 5361 V
3612 5315 3644 5362 9
3680 5328 3761 5362 ore
3808 5316 3864 5376 V,

609 5409 747 5443 more
787 5396 949 5456 Luyd.
1169 5398 1230 5448 10
1266 5400 1444 5459 legasti
1491 5400 1530 5445 V
1560 5413 1683 5447 corr.
1727 5398 1952 5447 Pithoeus
2191 5397 2243 5446 11
2288 5388 2436 5459 aeq‘’a
2481 5401 2520 5446 V
2556 5401 2602 5459 (a
2637 5397 2749 5462 m2),
2792 5414 2951 5460 aequa
2989 5399 3151 5459 Luyd.
3194 5401 3334 5460 volyo
3548 5399 3610 5450 12
3646 5403 3866 5449 oratione

616 5483 804 5530 Vcoff.
834 5482 965 5532 δυσὶ.
1167 5483 1228 5532 15
1264 5483 1541 5547 praetoriae
1577 5486 1617 5531 V
1810 5484 1866 5533 Π
1906 5484 2083 5532 coleris
2118 5484 2300 5533 Vcorr.
2332 5485 2465 5534 Scal.
2659 5486 2876 5533 cluentis
2912 5486 3095 5534 Vcorr.
3126 5484 3441 5533 Pulmanmu
3637 5485 3700 5535 18
3736 5489 3866 5535 rama

614 5567 669 5631 V,
714 5568 876 5617 famae
914 5570 1074 5630 Luyd.
1289 5577 1377 5619 aut
1420 5571 1615 5620 Gronov
1829 5571 1891 5620 19
1927 5571 2130 5632 quietus
2168 5572 2211 5618 sl
2249 5585 2495 5633 maneres,
2538 5571 2719 5620 litteris
2759 5571 2997 5631 Meu-tenu
3037 5574 3080 5619 εἰ
3118 5571 3236 5633 quid
3272 5573 3586 5635 mutandum,
3626 5576 3867 5622 coniciam

601 5657 644 5703 si
689 5655 972 5704 inmanem·
1183 5655 1248 5706 23
1288 5659 1518 5706 tirannici
1564 5659 1605 5706 V
1811 5656 1876 5705 26
1912 5658 2086 5704 obuiae
2133 5657 2174 5704 V
2210 5660 2281 5719 (ui
2320 5661 2372 5705 ὶη
2405 5659 2527 5719 ras.)
2766 5657 2829 5707 33
2868 5664 2998 5706 rotor
3047 5658 3086 5705 V
3308 5659 3374 5707 :55
3414 5674 3617 5708 munera
3666 5660 3703 5706 V
3735 5673 3858 5708 corr.

599 5740 740 5790 Seal.
952 5742 1017 5794 ³7
1055 5743 1150 5790 ulii
1196 5744 1249 5805 V,
1292 5745 1424 5794 filiae
1463 5743 1594 5795 δραι.
1810 5742 1876 5791 38
1912 5756 2173 5806 poeneque
2220 5743 2260 5790 V
2290 5759 2416 5793 corr.
2458 5744 2590 5794 θοαὶ.

3375 5847 3452 5900 8}
