4630 6435
757 444 873 503 102
2221 440 2529 495 AVSONII

1221 650 1313 691 1¹5
1421 649 1624 713 usque
1669 630 1739 694 in
1782 631 2186 714 Teutosagos
2235 650 2622 715 paganaque
2667 630 2927 695 nomina
2972 629 3233 711 Belcae,

1419 739 1619 797 totum
1665 734 1883 799 Narbo
1931 735 2074 800 fuit:
2128 742 2197 800 tu
2245 733 2467 799 Gallia
2510 734 2720 819 prima
2762 732 2965 816 togati
3436 752 3492 792 ιο

1421 836 1695 901 nominis
1739 837 1982 903 attollis
2029 838 2210 903 Latio
2255 838 2639 922 proconsule
2686 837 2921 902 fasces.

1420 940 1576 1022 quid
1621 960 1963 1006 memorem
2009 948 2360 1025 portusque
2406 947 2549 1006 tuos
2594 948 2968 1025 montesque
3013 940 3355 1022 lacusque,

1420 1042 1576 1126 quid
1620 1045 1892 1128 populos
1937 1045 2116 1109 vario
2163 1044 2534 1110 discrimine
2579 1044 2780 1109 vestis
2825 1050 2889 1109 et
2934 1043 3107 1109 oris?

1223 1166 1311 1206 120
1421 1145 1715 1229 quodque
1758 1146 1877 1211 tibi
1922 1146 2107 1212 Pario
2152 1145 2473 1230 quondam
2521 1147 2603 1212 de
2650 1166 2961 1212 marmore
3008 1147 3315 1230 templum

1417 1254 1634 1314 tantae
1679 1249 1867 1315 molis
1912 1257 2077 1333 erat,
2129 1256 2437 1334 quantam
2483 1271 2607 1316 non
2654 1256 2986 1334 sperneret
3029 1250 3181 1315 olim
3435 1270 3492 1308 ¹⁵

1420 1352 1811 1435 Tarquinius
1857 1354 2255 1437 Catulusque
2301 1354 2529 1418 iterum
2576 1360 2939 1438 postremus
2984 1359 3048 1419 et
3089 1353 3240 1434 ille,

1418 1475 1618 1520 aurea
1659 1455 1768 1538 qui
1816 1457 2041 1521 statuit
2085 1457 2348 1541 capitoli
2395 1456 2706 1537 culmina,
2761 1457 3047 1522 Caesar?

1418 1564 1482 1624 te
1528 1559 1722 1623 maris
1767 1560 1883 1624 Eoi
1929 1579 2174 1626 merces
2219 1567 2285 1625 et
2330 1560 2638 1625 Hiberica
2683 1560 2894 1625 ditant

1219 1681 1313 1722 ¹25
1419 1682 1728 1745 aequora,
1782 1670 1846 1728 te
1892 1665 2137 1730 classes
2183 1664 2412 1748 Libyci
2459 1663 2784 1746 Siculique
2830 1662 3171 1747 profundi:

1420 1772 1484 1830 et
1529 1765 1843 1848 quidquid
1888 1766 2068 1832 vario
2113 1787 2228 1850 per
2272 1766 2571 1847 flumina,
2625 1785 2741 1850 per
2785 1766 2954 1831 freta
2998 1785 3185 1831 cursu
3430 1785 3490 1825 20

1420 1868 1786 1946 advehitur,
1839 1876 1970 1935 toto
2013 1871 2130 1935 tibi
2175 1871 2440 1952 navigat
2484 1869 2635 1935 orbe
2680 1870 2995 1954 cataplus,

1419 2074 1628 2159 Impia
1669 2075 2044 2141 iamdudum
2091 2075 2448 2141 condemno
2495 2076 2778 2155 silentia,
2833 2076 3004 2158 quod
3050 2083 3143 2157 te,
3680 2094 3869 2153 (xlm)
3911 2092 4012 2141 298

1422 2200 1459 2243 0
1506 2179 1748 2261 patria,
1800 2179 2121 2262 insignem
2167 2179 2421 2244 Baccho
2465 2177 2804 2262 fluviisque
2850 2179 3164 2261 virisque,

1221 2302 1312 2342 130
1421 2282 1700 2347 moribus
1745 2281 2153 2365 ingeniisque
2200 2282 2524 2347 hominnm
2572 2301 3030 2366 procerumque
3077 2288 3337 2359 senatu,

1419 2404 1545 2449 non
1589 2384 1757 2450 inter
1800 2385 2041 2469 primas
2088 2405 2461 2465 memorem,
2517 2385 2704 2469 quasi
2749 2385 3043 2450 conscius
3090 2385 3265 2451 urbis

1419 2487 1694 2571 exiguae
1738 2488 2071 2553 inmeritas
2118 2487 2406 2553 dubitem
2453 2488 2822 2570 contingere
2875 2487 3123 2553 laudes.
3465 2510 3491 2546 5

1419 2610 1545 2656 non
1592 2592 1799 2675 pudor
1842 2591 1992 2657 hinc
2035 2590 2242 2655 nobis.
2339 2611 2458 2656 nec
2503 2590 2673 2656 enim
2721 2590 2879 2655 mihi
2924 2592 3201 2656 barbara
3245 2591 3450 2656 Rheni

1422 2716 1537 2760 ora
1579 2715 1699 2760 nec
1742 2702 1957 2760 arctoo
2003 2695 2230 2760 domus
2276 2701 2377 2759 est
2420 2694 2719 2777 glacialis
2764 2694 2830 2759 in
2877 2694 3150 2760 Haemo:

1220 2818 1313 2857 135
1422 2796 1777 2881 Burdigala
1819 2805 1918 2863 est
1962 2799 2180 2863 natale
2227 2799 2462 2879 solum,
2516 2797 2860 2863 clementia
2904 2797 3069 2862 caeli

1419 2900 1591 2965 mitis
1638 2901 1746 2967 ubi
1792 2908 1857 2966 et
1901 2901 2126 2984 riguae
2172 2901 2360 2984 larga
2403 2901 2811 2985 indulgentia
2852 2908 3095 2983 terrae,

1418 3023 1532 3068 ver
1573 3004 1834 3086 longum
1880 3004 2273 3087 brumaeque
2321 3025 2484 3069 novo
2531 3026 2674 3071 cum
2724 3005 2860 3069 sole
2904 3010 3196 3088 tepentes
3436 3024 3492 3064 ιο

933 3316 1027 3365 120
1064 3317 1212 3366 Ovid.
1252 3333 1317 3366 ex
1353 3318 1509 3366 Ponto
1544 3319 1647 3367 1111
1685 3317 1735 3378 8,
1778 3318 1836 3367 31
1889 3320 1950 3366 de
1987 3320 2129 3368 Pario
2171 3356 2182 3367 .
2215 3355 2229 3370 .
2262 3356 2274 3369 .
2317 3321 2561 3381 templum
2601 3334 2853 3380 marmore„
2876 3321 3026 3379 Verg.
3069 3319 3198 3367 Aen.
3242 3320 3345 3366 1111
3382 3317 3480 3365 457
3526 3317 3613 3376 (vl
3652 3283 3735 3375 69)
3779 3316 3841 3363 de
3878 3330 4011 3364 mar-

754 3416 885 3450 more
922 3404 1168 3467 templum
1407 3403 1498 3453 121
1541 3406 1692 3464 Verg.
1735 3406 1865 3455 Aen.
1906 3407 1930 3453 Ι
1969 3406 2033 3454 33
2071 3411 2244 3455 tantae
2281 3407 2426 3454 molis
2462 3413 2567 3453 erat
2804 3406 2900 3455 123
2941 3407 3034 3454 Sil.
3076 3407 3139 3453 lt.
3183 3406 3257 3452 111
3293 3403 3394 3452 623
3431 3417 3581 3450 aurea
3619 3402 3828 3465 Tarpeia
3862 3407 4012 3463 ponet

750 3490 982 3551 capitolia
1016 3503 1142 3551 rupe
1355 3489 1449 3538 127
1486 3491 1631 3540 Mart.
1674 3491 1777 3540 XII
1816 3491 1899 3552 74,
1937 3491 1956 3540 1
1999 3492 2120 3540 dum
2156 3494 2254 3540 tibi
2293 3493 2519 3540 Niliacus
2555 3498 2721 3554 portat
2756 3493 2985 3552 crystalla
3022 3493 3273 3554 cataplus;
3316 3490 3383 3550 cf.
3426 3490 3644 3536 Marcell.
3688 3489 3748 3536 de
3786 3488 3915 3536 med.
3945 3487 4009 3535 67

752 3581 804 3622 et
838 3576 1079 3636 quicquid
1116 3576 1306 3624 confert
1340 3577 1552 3624 medicis
1592 3577 1788 3638 Lagaea
1823 3580 2049 3639 cataplus
2299 3576 2393 3626 137
2451 3579 2573 3627 Hor.
2616 3578 2777 3627 Carm.
2822 3579 2870 3625 11
2908 3577 2956 3639 6,
3004 3577 3065 3626 17
3094 3592 3169 3639 sq.
3209 3590 3299 3624 ver
3346 3577 3433 3623 ubi
3474 3576 3680 3635 longum
3716 3575 4010 3637 tepidasque

755 3650 958 3724 praebet
993 3663 1224 3724 Iuppiter
1260 3665 1458 3711 brumas
1495 3665 1647 3722 Verg.
1689 3665 1868 3724 Georg.
1909 3665 1934 3711 1
1971 3663 2071 3714 288
2108 3679 2223 3712 011111
2261 3665 2366 3712 sole
2401 3678 2526 3712 novo

923 3935 1018 3984 115
1057 3938 1353 3997 Tectosagos
1389 3940 1534 4000 volyo
1742 3953 1971 4000 panaque
1999 3938 2057 4001 P,
2098 3954 2228 4000 pana
2263 3953 2392 4000 quae
2427 3939 2513 3999 Uy.
2729 3940 2981 4000 primaevo
3019 3939 3221 3985 nomine
3254 3939 3373 3986 Par.
3403 3937 3546 3998 volyo
3756 3937 3920 3983 belcos
3946 3936 4006 3997 P,

743 4023 919 4081 Belgas
952 4021 1069 4084 U9.,
1109 4024 1283 4072 Volcas
1308 4025 1450 4084 volyo
1660 4041 1709 4073 v.
1744 4024 1839 4073 116
1879 4025 1990 4073 inde
2026 4041 2056 4072 a
2095 4031 2149 4072 tu
2190 4031 2235 4073 et
2277 4024 2371 4073 117
2410 4028 2480 4073 sic
2516 4027 2686 4086 scripti
2721 4029 2838 4072 sunt
2864 4027 2917 4072 in
2946 4026 2987 4071 T
3021 4031 3076 4071 tu
3113 4025 3168 4072 in
3206 4024 3370 4072 Gallia
3405 4023 3558 4084 togati
3596 4024 3816 4072 nominis
3853 4023 4012 4084 prima

748 4108 857 4168 (cet.
886 4109 1030 4171 om.),
1072 4108 1248 4157 deinde
1277 4114 1387 4170 post
1422 4125 1593 4159 versus
1627 4113 1781 4159 unius
1818 4114 2039 4172 spatium
2077 4111 2171 4160 118
2197 4114 2311 4173 quis
2337 4118 2575 4160 memoret
2598 4115 2773 4173 portus
2798 4116 2913 4159 tuos
2938 4118 2990 4158 et
3016 4115 3210 4158 montes
3237 4116 3289 4159 et
3312 4112 3449 4158 lacus
3663 4108 3760 4158 118
3784 4124 3856 4170 sq.
3897 4109 4011 4168 quis

743 4200 987 4242 memoret
1014 4231 1026 4243 .
1058 4230 1070 4242 .
1106 4231 1118 4243 .
1146 4197 1261 4257 quis
1290 4196 1431 4245 codd.
1461 4211 1585 4246 corr.
1615 4196 1840 4244 Brandes
2051 4199 2317 4259 fontesque
2342 4198 2578 4245 Heinsius
2792 4196 2889 4245 119
2925 4197 3055 4246 111110
3083 4197 3138 4257 P,
3182 4196 3349 4254 uarios
3385 4197 3426 4242 T
3639 4194 3734 4243 120
3769 4208 3865 4243 om.
3902 4194 3943 4241 T

739 4281 882 4328 uario
904 4280 1110 4328 condam
1139 4281 1197 4342 P,
1237 4283 1489 4343 quondam
1515 4284 1652 4331 uario
1686 4282 1775 4344 Uo.
1807 4284 1952 4343 volyo
2143 4299 2223 4331 vv.
2259 4283 2527 4332 121—127
2553 4285 2624 4331 sie
2648 4286 2815 4343 scripti
2837 4288 2953 4330 sunt
2979 4286 3033 4330 in
3064 4282 3105 4329 T
3128 4284 3274 4330 cuius
3298 4288 3441 4330 tanta
3463 4282 3619 4329 moles
3644 4287 3751 4329 erat
3775 4285 4010 4342 quantam

742 4380 841 4416 non
881 4372 1143 4428 sperneret
1178 4368 1295 4415 olim
1328 4364 1336 4435 Ι
1368 4370 1634 4431 tarquinus
1665 4370 1970 4430 (tarquinius
1997 4369 2152 4430 Med.)
2181 4377 2232 4417 et
2269 4372 2471 4432 getulus
2509 4377 2560 4418 et
2595 4372 2781 4418 iterum
2818 4370 2963 4416 miles
3002 4383 3141 4432 cesar
3171 4365 3180 4435 Ι
3211 4370 3296 4430 qui
3337 4369 3569 4430 capitolia
3605 4368 3826 4416 culmina
3860 4380 4012 4415 aurea

742 4456 921 4501 statuit
962 4448 972 4518 Ι
1013 4459 1066 4502 te
1099 4455 1252 4502 maris
1288 4455 1547 4503 orientalis
1584 4461 1635 4502 et
1670 4455 1799 4502 iberi
1836 4470 2024 4504 merces
2060 4455 2226 4502 ditant
2268 4452 2277 4521 Ι
2320 4463 2371 4503 te
2409 4457 2590 4504 classes
2626 4457 2762 4503 libici
2806 4456 2979 4515 (lybici
3016 4454 3172 4516 Med.)
3215 4460 3268 4502 et
3303 4455 3444 4502 sinili
3486 4454 3654 4515 (siculi
3692 4452 3849 4514 Med.)
3893 4466 4009 4514 pro-

743 4540 888 4587 fundi
920 4534 929 4604 Ι
962 4545 1013 4587 et
1048 4541 1287 4601 quicquid
1325 4542 1465 4588 uario
1502 4554 1650 4588 cursu
1688 4556 1777 4602 per
1813 4543 2026 4589 flumina
2061 4547 2116 4589 et
2150 4555 2241 4602 per
2277 4543 2403 4589 freta
2434 4536 2443 4607 Ι
2474 4540 2742 4589 aduebitur
2779 4546 2882 4588 toto
2920 4542 3013 4588 tibi
3049 4542 3165 4588 orbe
3203 4542 3409 4601 nauigat
3658 4539 3745 4588 121
3790 4544 3931 4587 tanta
3968 4539 4014 4586 P

748 4624 843 4673 122
881 4606 1173 4688 geiulusque
1214 4626 1267 4687 V,
1309 4627 1615 4688 getulusque
1653 4627 1742 4673 PT
1771 4626 1880 4687 U9.,
1924 4627 2237 4689 Catulusque
2274 4625 2441 4686 Luyd.
2657 4628 2752 4673 iter
2791 4625 2836 4673 P
3043 4623 3139 4673 123
3176 4627 3398 4688 capitolii
3441 4628 3494 4687 V,
3536 4627 3765 4687 capitolia
3801 4625 3891 4672 PT
3917 4625 4006 4685 Uy.

745 4710 843 4760 124
880 4712 953 4759 coi
981 4712 1024 4758 P
1230 4712 1450 4760 hiberica
1483 4713 1534 4770 V,
1580 4712 1818 4760 hiberiori
1841 4712 1886 4759 P
2096 4712 2194 4761 125
2231 4714 2377 4761 libio-i
2414 4714 2676 4774 sucidique
2706 4713 2751 4758 P
2960 4711 3055 4760 126
3093 4713 3331 4774 quicquid
3360 4713 3452 4760 PT
3481 4712 3569 4772 Uy.
3789 4709 3883 4759 127
3922 4711 4011 4758 ad-

744 4799 912 4846 ueitur
956 4797 996 4843 V
1198 4794 1493 4853 κατάπλους
1530 4797 1696 4857 Luyd.
1738 4800 1883 4858 volvo
2097 4798 2193 4848 128
2231 4813 2304 4846 xx
2343 4799 2600 4859 burdigala
2646 4800 2686 4846 V
2726 4799 2797 4858 (in
2833 4814 2931 4858 my.
2970 4813 3040 4846 m.
3081 4799 3234 4859 ant),
3277 4800 3337 4846 de
3373 4798 3641 4857 burdegala
3677 4810 3742 4844 ex
3780 4811 3878 4858 qua
3912 4796 4012 4843 fuit

743 4890 885 4932 autor
922 4885 1019 4932 iste
1055 4886 1294 4932 ausonius
1337 4883 1393 4943 P,
1448 4884 1524 4932 De
1561 4883 1846 4943 Burdegala
1893 4899 1958 4932 ex
1995 4900 2095 4946 qua
2133 4887 2234 4932 ruit
2269 4886 2532 4933 Ausonius
2578 4884 2689 4947 Uy„
2742 4886 2802 4933 de
2838 4884 3099 4946 burdegali
3136 4886 3261 4932 urbe
3302 4884 3344 4931 T
3626 4882 3723 4932 128
3758 4897 3854 4931 om.
3902 4882 3943 4929 T

746 4970 1053 5019 condemno*
1099 4970 1142 5016 V
1181 4971 1220 5032 (s
1257 4970 1407 5030 eras.)
1691 4986 1773 5018 vv.
1832 4969 1927 5019 129
1975 4976 2020 5018 et
2075 4970 2170 5020 130
2219 4975 2289 5019 sic
2326 4974 2498 5031 scripti
2534 4976 2651 5020 sunt
2688 4973 2743 5019 in
2784 4972 2825 5016 T
2856 4985 2883 5018 0
2920 4972 3079 5032 patria
3114 4977 3165 5018 te
3202 4972 3451 5030 insignem
3491 4971 3598 5018 dico
3636 4971 3757 5018 viris
3793 4970 4011 5016 moribus

747 5058 970 5116 ingeniis
1004 5056 1266 5104 hominum
1297 5052 1305 5123 Ι
1337 5063 1390 5103 et
1425 5070 1681 5117 procerum
1718 5063 1900 5105 senatu
1940 5059 2061 5105 nino
2098 5065 2152 5105 et
2186 5058 2334 5118 aquis
2554 5054 2648 5104 129
2684 5040 2847 5117 patria
2878 5056 2921 5104 V
3124 5058 3266 5104 bacco
3309 5057 3363 5117 V,
3403 5056 3557 5103 bacho
3595 5057 3640 5102 P
3842 5042 4012 5102 1111170-

751 5157 851 5203 que
896 5142 936 5188 V
972 5143 1022 5204 (y
1056 5139 1147 5202 m2)
1367 5140 1460 5190 130
1499 5144 1799 5205 ingeniaque
1845 5144 1885 5190 V
2089 5150 2323 5192 senatum
2372 5144 2411 5188 V
2621 5141 2891 5191 131-134
2928 5157 3026 5191 om.
3074 5143 3115 5188 T
3336 5141 3425 5191 131
3469 5120 3597 5189 111“’“’
3639 5143 3681 5188 V
3716 5144 3811 5201 (ter
3845 5138 3935 5202 m2)

746 5228 914 5274 0501110
950 5228 1081 5275 orbis
1131 5228 1171 5275 V
1403 5227 1497 5277 132
1534 5230 1720 5290 exigue
1757 5233 2015 5278 munerico
2057 5229 2100 5275 P
2140 5229 2228 5290 Uy.
2276 5231 2392 5290 (om.
2433 5230 2660 5277 dubitem
2702 5266 2715 5277 .
2750 5266 2761 5278 .
2798 5266 2809 5277 .
2852 5229 3056 5296 Arctoo),
3280 5228 3372 5277 134
3411 5228 3620 5276 1111101110
3663 5228 3715 5289 V,
3756 5230 3911 5275 immo
3946 5226 4003 5285 P,

745 5316 799 5361 in
837 5315 938 5361 imo
988 5313 1068 5374 ῦς.
1353 5329 1433 5363 vv.
1483 5313 1751 5364 135—145
1797 5319 1866 5363 sic
1901 5319 2072 5376 scripti
2107 5320 2222 5363 sunt
2260 5320 2313 5363 in
2356 5316 2397 5361 T
2431 5316 2718 5375 burdegalis
2757 5323 2834 5363 est
2870 5316 2995 5362 1111111
3033 5315 3198 5362 natale
3234 5314 3395 5362 solum
3427 5311 3435 5378 Ι
3469 5316 3557 5362 ubi
3596 5315 3736 5362 mitis
3773 5321 3852 5362 est
3886 5314 4008 5360 caeli

744 5401 1014 5446 clementia
1042 5395 1051 5464 Ι
1082 5404 1135 5447 et
1155 5400 1374 5460 irriguae
1401 5407 1558 5449 terrae
1581 5403 1906 5462 indulgentia
1929 5403 2063 5462 larga
2094 5400 2103 5466 Ι
2136 5416 2227 5449 1101·
2262 5403 2397 5450 0111111
2435 5403 2639 5460 longum
2679 5409 2731 5448 et
2767 5405 2946 5450 bruma
2982 5402 3055 5449 ibi
3093 5402 3266 5449 breuis
3303 5406 3380 5449 est
3409 5398 3418 5464 Ι
3449 5402 3625 5448 subter
3661 5413 3857 5462 quoque
3893 5400 4010 5457 iuga

745 5486 946 5533 frondea
984 5486 1184 5533 seruent
1219 5487 1412 5534 fluenta
1453 5483 1462 5551 Ι
1504 5489 1704 5535 imitata
1741 5489 1959 5536 marinos
1995 5493 2190 5537 meatus
2233 5484 2242 5555 Ι
2290 5488 2477 5549 quadra
2518 5489 2671 5534 etiam
2708 5489 2780 5535 ibi
2820 5501 3074 5535 murorum
3113 5489 3309 5550 species
3351 5483 3360 5552 Ι
3402 5489 3476 5534 sic
3510 5487 3627 5534 altis
3664 5487 3892 5534 turribus
3928 5499 4008 5532 ar-

746 5571 842 5618 dua
872 5570 881 5636 Ι
913 5576 971 5618 ut
1004 5564 1271 5619 sumitates
1313 5573 1686 5634 (summitantes
1713 5573 1868 5634 Med.)
1908 5576 2103 5622 intrent
2139 5576 2303 5622 nubes
2341 5588 2510 5622 aereas
2552 5575 2731 5636 (aerias
2760 5572 2915 5634 Med.)
2950 5571 2959 5638 Ι
2991 5574 3116 5622 latas
3141 5573 3293 5621 habet
3317 5574 3506 5635 plateas
3532 5578 3585 5620 et
3611 5573 3965 5634 respondentes
3995 5567 4003 5635 Ι

743 5656 994 5706 indirecta
1031 5660 1248 5717 compita
1281 5663 1448 5719 portas
1489 5654 1497 5725 Ι
1541 5673 1631 5720 per
1667 5660 1890 5708 medium
1928 5664 2096 5707 autem
2133 5662 2268 5708 urbis
2304 5659 2502 5707 fontani
2545 5654 2554 5724 Ι
2597 5659 2822 5706 fluminis
2860 5660 3063 5707 alueum
3324 5658 3419 5708 135
3456 5660 3726 5718 burdegale
3763 5659 3809 5706 P
3848 5657 3933 5718 Uo.

745 5749 823 5795 ast
858 5744 1095 5793 Heinsius
1308 5743 1421 5796 137.
1469 5744 1564 5793 138
1607 5760 1693 5793 uer
1731 5747 1935 5810 longum
1974 5747 2278 5812 brumaeque
2313 5747 2487 5796 breuis
2525 5747 2642 5805 iuga
2678 5745 2883 5796 frondea
2920 5748 3038 5796 subt
3077 5747 3315 5806 (subsunt
3347 5746 3436 5814 Uy.
3465 5746 3627 5814 volyo)
3673 5746 3718 5792 P
3746 5744 3834 5810 Uq.
3865 5745 4007 5809 volyo
