4630 6435
1362 448 1591 501 LIBER.
1629 448 2198 505 PROTREPTICVS
2236 449 2345 505 AD
2385 450 2734 505 NEPOTEM
2773 452 2962 518 (XIII).
3714 456 3793 518 39

1202 636 1468 719 ingenia
1515 644 1840 721 expertus.
1936 639 2169 705 multos
2215 641 2605 706 lactantibus
2648 641 2835 706 annis

1201 740 1343 825 ipse
1387 741 1524 805 alui
1566 742 1936 825 gremioque
1984 742 2207 808 fovens
2253 751 2317 809 et
2362 765 2687 809 murmura
2733 745 2990 810 solvens

1203 844 1410 928 eripui
1453 851 1742 910 tenerum
1787 845 2046 911 blandis
2093 847 2449 912 nutricibus
2494 869 2744 913 aevom.

1030 965 1091 1006 -ιο
1199 966 1347 1010 mox
1392 966 1622 1031 pueros
1669 948 1848 1012 molli
1892 949 2133 1014 monitu
2180 955 2245 1015 et
2291 950 2629 1016 formidine
2675 951 2806 1016 leni

1198 1049 1472 1133 pellexi,
1529 1058 1598 1116 ut
1641 1051 1830 1116 mites
1874 1058 2168 1137 peterent
2211 1074 2327 1137 per
2370 1054 2603 1120 acerba
2648 1054 3007 1139 profectuS‚

1200 1153 1477 1238 carpturi
1525 1154 1781 1220 dulcem
1829 1154 2104 1221 fructum
2150 1156 2387 1221 radicis
2433 1177 2718 1223 amarae.

1198 1256 1371 1321 idem
1417 1257 1763 1342 vesticipes
1810 1266 1982 1323 motu
2029 1259 2158 1324 iam
2203 1260 2465 1344 puberis
2510 1260 2656 1326 aevi

1197 1359 1283 1424 ad
1329 1380 1538 1426 mores
1582 1366 1882 1443 artesque
1932 1362 2132 1427 bonas
2176 1363 2486 1446 fandique
2535 1363 2820 1447 vigorem

1030 1482 1090 1522 75
1198 1462 1501 1547 produxi,
1557 1485 1944 1548 quamquam
1989 1466 2327 1550 imperium
2374 1467 2623 1532 cervice
2668 1476 2982 1552 negarent

1198 1565 1363 1632 ferre
1407 1587 1528 1632 nec
1573 1566 1831 1632 insertis
1876 1569 2261 1652 praeberent
2304 1590 2417 1634 ora
2462 1571 2726 1654 lupatis.

1196 1669 1401 1734 ardua
1445 1670 1818 1754 temperieS,
1872 1670 2033 1736 dura
2079 1673 2510 1756 experientia,
2568 1694 2749 1739 rarus

1197 1780 1498 1857 eventus,
1549 1775 1744 1857 longo
1791 1795 2001 1840 rerum
2050 1782 2376 1859 spectatus
2422 1777 2505 1841 ab
2552 1796 2708 1854 usu,

1196 1883 1266 1942 ut
1306 1883 1494 1960 regat
1536 1876 1881 1943 indocilem
1928 1878 2100 1943 mitis
2146 1899 2418 1945 censura
2460 1880 2811 1946 iuventam.

1026 1998 1086 2037 so
1195 2000 1360 2062 quae
1405 1981 1677 2045 tolerata
1719 1981 1909 2061 mihi,
1967 1982 2172 2047 donec
2216 1982 2350 2047 iam
2394 2003 2704 2048 aerumna
2747 1984 3000 2050 iuvaret

1196 2083 1550 2166 leniretque
1596 2103 1716 2148 usu
1761 2084 1931 2149 bona
1976 2085 2374 2151 consuetudo
2420 2087 2741 2165 laborem,

1195 2185 1398 2251 donec
1440 2187 1526 2251 ad
1571 2189 1903 2270 Augustae
1950 2188 2061 2272 pia
2103 2209 2372 2254 munera
2417 2189 2798 2273 disciplinae

1192 2289 1433 2354 accirer
1476 2290 1783 2373 varioque
1829 2291 2200 2373 accingerer
2246 2300 2473 2357 auctus
2519 2292 2793 2375 honore,

1193 2412 1391 2458 aurea
1436 2413 1579 2457 cum
1625 2414 1853 2477 parere
1899 2394 2058 2459 mihi
2105 2395 2352 2479 palatia
2395 2396 2661 2460 iussum.

1024 2513 1086 2554 85
1192 2496 1464 2560 absistat
1507 2497 1839 2577 Nemesis,
1896 2497 2063 2564 ferat
2108 2505 2173 2563 et
2216 2498 2473 2563 fortuna
2516 2497 2856 2565 iocantem.

1191 2599 1489 2683 praesedi
1535 2599 1832 2683 imperio,
1889 2599 2040 2665 dum
2088 2608 2528 2686 praetextatus
2572 2601 2638 2666 in
2684 2610 2853 2668 ostro

1193 2708 1257 2767 et
1302 2709 1550 2787 sceptro
1596 2710 1661 2768 et
1706 2703 1867 2768 solio
1912 2704 2198 2789 praefert
2242 2705 2368 2770 sibi
2412 2705 2555 2770 iura
2599 2706 2893 2788 magistri

1192 2805 1595 2888 maioresque
1640 2813 1825 2891 putat
1868 2813 2119 2873 nostros
2166 2810 2499 2891 Augustus
2544 2809 2841 2875 honores.

1192 2928 1353 2990 quos
1399 2929 1545 2973 mox
1591 2910 1853 2975 sublimi
1899 2918 2185 2976 maturus
2230 2911 2493 2995 protulit
2538 2918 2761 2993 auctu,

1025 3032 1084 3072 oo
1192 3021 1495 3094 quaestor
1538 3019 1609 3077 ut
1651 3014 1963 3097 Augustis
2008 3015 2173 3099 patri
2219 3021 2499 3097 natoque
2545 3036 2826 3097 crearer,

1192 3122 1264 3181 ut
1305 3116 1775 3201 praefecturam
1822 3117 2146 3202 duplicem
2194 3118 2551 3202 sellamque
2599 3120 2918 3201 curulem,

1194 3228 1261 3285 ut
1301 3221 1589 3286 trabeam
1636 3221 2000 3305 pictamque
2046 3212 2296 3305 togam,
2353 3242 2500 3287 mea
2544 3224 2862 3307 praemia,
2919 3224 3139 3289 consul

1190 3323 1522 3389 induerem
1567 3324 1878 3406 fastisque
1923 3325 2084 3390 meis
2131 3326 2461 3410 praelatus
2509 3327 2802 3392 haberer.

1190 3426 1291 3491 his
1334 3447 1455 3510 ego
1499 3429 1793 3510 quaesivi
1839 3429 2133 3494 meritum
2176 3450 2370 3513 quam
2417 3430 2663 3512 grande
2710 3430 2921 3514 nepoti

1023 3551 1083 3590 95
1190 3530 1414 3594 consul
1457 3550 1617 3596 avus
1663 3531 2006 3614 lumenque
2051 3539 2200 3597 tuae
2245 3533 2590 3616 praeluceo
2638 3532 2835 3598 vitae.

1189 3634 1483 3714 quamvis
1528 3641 1592 3699 et
1634 3634 1842 3718 patrio
1885 3633 2260 3699 iamdudum
2305 3635 2561 3699 nomine
2608 3636 2822 3699 clarus

1190 3755 1416 3820 posses
1462 3743 1756 3818 ornatus,
1812 3755 2039 3822 posses
2083 3744 2384 3803 oneratus
2431 3737 2683 3803 haberi:

1186 3840 1463 3905 accessit
1504 3846 1721 3905 tamen
1767 3861 1848 3905 ex
1891 3840 2077 3905 nobis
2122 3841 2324 3906 honor
2366 3840 2647 3906 inclitus.
2743 3842 2913 3906 hunc
2955 3848 3023 3907 tu

1187 3942 1402 4023 effice,
1458 3963 1539 4008 ne
1585 3943 1669 4010 sit
1712 3964 1901 4024 onus,
1956 3965 2071 4030 per
2113 3952 2175 4010 te
2222 3952 2293 4010 ut
2337 3945 2601 4010 conixus
2647 3945 2713 4008 in
2759 3946 2960 4010 altum

986 4067 1079 4108 ιοο
1187 4046 1583 4113 conscendas
1630 4067 1978 4131 speresque
2023 4053 2198 4130 tuoS,
2252 4053 2318 4113 te
2365 4048 2662 4128 consule,
2715 4047 2947 4113 fasces

688 4273 754 4323 68
794 4273 920 4324 Stat.
951 4273 1079 4323 Silv.
1107 4275 1156 4321 11
1202 4273 1248 4335 1,
1296 4272 1391 4321 104
1429 4278 1593 4321 mutas
1630 4276 1784 4322 etiam
1820 4288 1956 4322 nunc
1991 4289 2248 4323 murmure
2287 4289 2430 4322 voces
2610 4273 2674 4322 72
2713 4275 2967 4335 Aphthon.
3010 4288 3269 4338 progymn.
3313 4274 3378 4325 23
3417 4277 3503 4338 Sp.
3541 4268 3771 4345 Ἰσοκρά-

514 4377 608 4429 της
643 4364 735 4427 τῆς
773 4357 1000 4416 παιδείας
1034 4359 1129 4428 τὴν
1169 4356 1306 4426 ῥίζαν
1344 4357 1527 4426 πικρὰν
1567 4357 1695 4427 ἔφη,
1739 4356 1946 4428 γλυκεῖς
1984 4358 2040 4410 δὲ
2075 4359 2193 4417 τοὺς
2230 4358 2459 4427 καρπούς
2502 4362 2670 4422 (Prisc.
2715 4361 3005 4409 Praeexerc.
3047 4359 3167 4420 432,
3214 4360 3274 4409 12
3308 4363 3397 4423 K.)
3473 4363 3706 4412 Diomed.
3748 4366 3771 4410 I

516 4447 634 4506 310,
676 4448 706 4495 3
735 4448 799 4495 K.
839 4447 1037 4494 Marcus
1073 4446 1279 4494 Porcius
1318 4446 1439 4495 Cato
1476 4446 1612 4494 dixit
1647 4446 1928 4495 litterarum
1967 4447 2155 4495 radices
2191 4462 2384 4495 amaras
2425 4461 2553 4506 esse,
2597 4449 2790 4495 fructus
2828 4448 3141 4495 iocundiores
3294 4446 3357 4494 75
3398 4448 3544 4508 Verg.
3587 4449 3769 4508 Georg.

515 4535 589 4580 111
628 4531 726 4581 207
753 4548 828 4595 sq.
869 4535 1128 4593 negabunt
1165 4569 1176 4580 .
1211 4568 1224 4581 .
1261 4569 1272 4580 .
1313 4533 1450 4580 duris
1485 4546 1655 4593 parere
1693 4534 1879 4594 lupatis
2104 4532 2158 4582 81
2217 4540 2387 4582 auctor
2434 4547 2672 4594 panegyr.
2714 4533 2848 4581 Max.
2888 4539 2939 4580 et
2976 4533 3144 4582 Const.
3187 4533 3234 4581 d.
3286 4535 3398 4594 (vl)
3442 4532 3529 4581 11:
3596 4548 3771 4595 quam-

515 4621 591 4665 vis
629 4620 764 4666 enim
802 4632 1038 4680 magnum
1074 4620 1290 4667 laborem
1327 4620 1635 4667 consuetudo
1674 4633 1774 4668 non
1812 4621 1970 4668 sentit

684 4807 748 4856 67
787 4810 1064 4858 letantibus
1096 4809 1137 4854 Τ
1343 4807 1408 4856 68
1447 4809 1545 4855 albi
1584 4809 1622 4854 V
1659 4809 1798 4869 (corr.
1826 4806 1940 4868 m2),
1980 4810 2135 4857 alium
2174 4809 2219 4856 P
2426 4808 2494 4858 69
2530 4812 2713 4872 erupui
2747 4811 2785 4856 V
2822 4813 2964 4871 (corr.
2992 4809 3106 4872 m1),
3149 4810 3323 4870 erepui
3355 4809 3398 4855 P
3602 4811 3768 4858 blandi

521 4895 562 4940 V
729 4910 911 4943 aeuum
941 4895 1027 4943 Ρω
1204 4894 1268 4943 70
1294 4896 1395 4942 leui
1422 4894 1547 4959 ΡΤχ
1722 4893 1780 4942 71
1811 4896 1979 4956 pellex
2007 4897 2077 4943 ire
2102 4896 2251 4943 mites
2278 4895 2325 4941 P
2508 4895 2572 4944 72
2599 4898 2791 4958 capturi
2819 4911 2861 4944 ω
3050 4896 3112 4944 73
3141 4897 3369 4954 uestigiis
3407 4895 3446 4942 V
3470 4897 3518 4956 (g
3542 4909 3600 4942 ex
3624 4910 3650 4943 c
3674 4893 3764 4954 m2,

511 4983 557 5028 is
581 4980 656 5029 m²
679 4984 732 5030 in
755 4996 879 5043 ms„
909 4985 962 5029 in
984 4996 1083 5041 my.
1111 4979 1182 5029 m¹
1209 4981 1496 5042 uesticipes)
1681 4983 1905 5042 uestipes
1933 4982 2134 5029 modum
2160 4983 2257 5029 iam
2283 4982 2498 5043 puberes
2527 4982 2570 5028 P
2739 4980 2803 5029 74
2831 4987 3010 5030 mortes
3044 4982 3084 5028 V
3108 4983 3147 5043 (t
3171 4984 3319 5042 erac.)
3517 4982 3580 5029 75
3607 4995 3770 5042 quan-

511 5081 663 5128 quam
689 5066 719 5116 λ
930 5067 991 5114 77
1032 5051 1250 5127 teperies
1284 5068 1325 5112 V
1351 5050 1419 5125 (te-'3
1442 5064 1517 5114 m2
1541 5068 1594 5113 in
1617 5067 1738 5127 ras.)
1955 5065 2020 5115 80
2057 5063 2182 5133 iam]
2210 5082 2288 5116 me
2318 5068 2361 5114 P
2556 5067 2615 5118 81
2659 5050 2755 5115 ussi
2787 5069 2839 5128 V,
2880 5081 3029 5115 usum
3053 5071 3165 5126 cet„
3196 5082 3292 5114 usu
3327 5067 3431 5114 Tou
3640 5068 3770 5115 labo-

514 5167 624 5200 rum
664 5153 750 5201 Ρω
984 5152 1050 5201 82
1089 5150 1173 5220 ad]
1210 5153 1270 5199 ab
1316 5153 1356 5198 T
1584 5150 1647 5199 83
1687 5130 1908 5201 auarioq'
1950 5154 1990 5200 V
2030 5143 2100 5216 (ᾧ
2135 5151 2224 5214 m‘2)
2460 5153 2523 5202 84
2562 5159 2732 5215 patere
2769 5168 2811 5201 ω
3047 5154 3198 5200 michi
3235 5153 3280 5200 P
3486 5154 3691 5213 pallacia
3734 5154 3774 5198 Τ

510 5237 576 5286 85
611 5240 798 5287 absitat
842 5238 883 5283 Τ
1086 5241 1214 5287 sorar
1252 5238 1295 5284 P
1503 5236 1566 5285 86
1604 5238 1834 5298 praecedi
1881 5239 1922 5285 V
1957 5241 2098 5300 (corr.
2138 5238 2227 5299 111¹)
2442 5244 2572 5287 astro
2608 5239 2667 5300 P,
2710 5244 2880 5286 austro
2923 5238 2977 5300 T,
3019 5239 3220 5286 haustro
3257 5237 3286 5287 λ
3498 5239 3561 5286 87
3602 5245 3769 5300 septro

518 5324 558 5370 V
583 5325 725 5386 (corr.
753 5321 846 5385 m2)
1060 5327 1250 5387 prefert
1276 5325 1319 5371 P
1346 5325 1460 5386 (om.
1491 5323 1628 5384 sibi),
1670 5325 1767 5371 sibi
1793 5327 2010 5388 praefert
2040 5325 2155 5373 Par.
2187 5327 2329 5385 volyo
2539 5325 2603 5374 89
2641 5325 2769 5386 quod
2802 5326 2843 5370 V
3045 5324 3110 5372 90
3147 5331 3393 5384 augustus
3428 5325 3556 5371 VTE
3574 5331 3619 5374 ct
3644 5323 3672 5373 λ
3694 5324 3768 5373 m¹

511 5410 577 5459 92
617 5411 884 5459 Utrabeam
930 5411 970 5458 V
1243 5411 1306 5460 93
1346 5411 1585 5459 induerer
1627 5411 1715 5457 TE
1746 5413 1889 5471 volyo
2131 5412 2231 5460 mei
2270 5411 2315 5458 P
2570 5414 2797 5459 abererer
2843 5411 2880 5456 V
2922 5411 3058 5471 (corr.
3098 5408 3189 5471 m2)
3471 5409 3537 5458 94
3574 5412 3618 5458 is
3659 5410 3703 5456 P

509 5479 979 5559 quaesibiffissritum
1014 5497 1055 5543 V
1081 5498 1191 5558 (met
1214 5494 1305 5557 m2)
1519 5496 1580 5564 ’ᾧ
1615 5498 1796 5559 grande
1823 5498 1867 5544 P
2071 5499 2137 5546 95
2175 5499 2439 5560 preluceo*
2480 5487 2579 5558 V⁴(r
2604 5498 2772 5556 eram).
2816 5497 3101 5558 praeluceat
3126 5495 3172 5542 P
3376 5496 3442 5545 96
3480 5497 3695 5557 quanuis
3726 5495 3766 5540 T

508 5583 572 5631 97
610 5597 862 5646 possessor
895 5591 1046 5632 natus
1092 5584 1187 5645 VT,
1245 5597 1473 5646 possesso
1509 5591 1711 5632 ornatus
1751 5585 1795 5630 P
2068 5586 2338 5632 honoratus
2384 5586 2438 5644 V,
2489 5589 2690 5631 ornatus
2727 5580 2818 5640 Ρλ,
2873 5582 3137 5630 honoratus
3181 5583 3317 5647 ΤχΕ,
3370 5587 3604 5630 oneratus
3646 5581 3760 5631 Par.

509 5669 574 5718 98
611 5669 814 5718 incl'tus
852 5670 908 5730 P,
952 5671 1170 5730 inclytus
1209 5685 1250 5718 ω
1497 5671 1613 5718 hinc
1651 5671 1695 5717 P
1953 5670 2019 5718 99
2057 5672 2302 5717 connixus
2342 5687 2384 5718 ω
2655 5668 2749 5716 100
2788 5669 3060 5715 conscendas
3099 5669 3145 5714 P
3383 5664 3686 5729 seperesque
3731 5667 3769 5712 V

514 5757 562 5814 (v
600 5753 687 5814 rn2)
905 5758 1060 5803 fustes
1099 5757 1143 5802 P
1349 5756 1572 5817 Explicit
1610 5759 1932 5819 protrepticos
1971 5758 2015 5804 P
