4630 6435
870 416 942 479 ¹8
2339 415 2645 473 Avsoun

1530 603 1807 668 solstitia
1851 609 1916 668 et
1960 604 2246 686 gelidum
2290 604 2565 670 Boream
2611 605 3094 689 Septembribus
3140 606 3338 670 horis.

1363 727 1421 768 ιο
1529 705 1819 772 mordeat
1861 713 2170 771 autumna
2213 705 2421 789 frigus
2468 707 2703 772 subtile
2749 708 2982 792 pruina

1527 816 1592 875 et
1634 816 1898 876 tenuata
1941 809 2152 875 modis
2198 816 2410 876 cesset
2453 809 2882 876 mediocribus
2928 818 3168 890 aestas.

1528 919 1880 978 sementem
1925 920 2113 977 notus
2158 912 2473 995 umificet,
2527 913 2613 980 sit
2657 915 2880 980 bruma
2925 915 3191 993 nivalis,

1527 1015 1678 1080 dum
1727 1022 1909 1100 pater
1951 1015 2199 1098 antiqui
2243 1022 2585 1081 renovatur
2628 1018 2898 1082 Martius
2943 1018 3118 1083 anni.

1527 1119 1727 1203 spiret
1771 1118 2031 1184 odorato
2076 1117 2297 1185 florum
2344 1140 2510 1185 nova
2555 1122 2766 1203 gratia
2811 1121 3011 1201 Maio,

1363 1243 1420 1283 ιτ,
1525 1222 1730 1288 Iulius
1777 1229 1842 1287 et
1885 1211 2143 1306 s‘egetes
2189 1231 2424 1306 coquat
2468 1231 2532 1289 et
2576 1244 2750 1289 mare
2797 1231 3110 1310 temperet
3151 1226 3355 1303 euriS,

1529 1325 1733 1391 Sirius
1777 1325 2107 1393 ardentem
2153 1347 2277 1391 non
2325 1334 2564 1410 augeat
2606 1328 2756 1409 igne
2802 1328 3112 1409 Leonem,

1528 1428 1805 1494 discolor
1848 1430 2147 1494 arboreos
2193 1430 2399 1495 variet
2445 1432 2728 1495 Pomona
2773 1451 3063 1516 saporeS,

1530 1532 1779 1614 mitiget
1822 1540 2195 1613 autumnus,
2250 1532 2423 1616 quod
2468 1534 2889 1599 maturaverit
2931 1542 3178 1615 aestaS,

1528 1642 1593 1700 et
1638 1636 1913 1719 genialis
1959 1636 2210 1721 hiemps
2253 1643 2442 1721 parta
2486 1637 2610 1702 sibi
2656 1637 2804 1703 dote
2851 1638 3118 1704 fruatur.

1359 1758 1419 1799 20
1528 1759 1756 1823 pacem
1801 1738 2079 1804 mundus
2125 1747 2281 1821 agat
2323 1759 2443 1804 nec
2487 1740 2746 1806 turbida
2793 1740 3008 1806 sidera
3051 1750 3344 1824 regnent.

1528 1844 1710 1908 nulla
1753 1849 1927 1925 tuos,
1981 1841 2299 1924 Gradive,
2353 1843 2638 1910 offendat
2682 1846 2875 1910 stella
2918 1852 3218 1929 penates,
3307 1852 3314 1857 ’

1528 1966 1694 2028 quae
1739 1966 1863 2010 non
1909 1965 2120 2027 aequa
2164 1946 2308 2019 tibi,
2365 1967 2489 2011 non
2538 1947 2845 2030 Cynthia,
2901 1969 3026 2013 non
3073 1951 3245 2014 celer
3288 1950 3519 2025 Arcas,

1526 2048 1833 2114 finitimus
1877 2047 2092 2129 terris,
2146 2069 2271 2113 non
2317 2056 2417 2131 tu,
2472 2050 2776 2130 Saturne,
2830 2069 3128 2136 supremo

1528 2152 1748 2217 ultime
1794 2151 2084 2218 circuitu.
2179 2153 2401 2237 procul
2447 2172 2486 2217 a
2533 2153 2850 2237 Pyroente
2895 2161 3175 2220 remotus

1357 2274 1419 2315 25
1525 2256 1941 2338 tranquillum
1987 2255 2363 2340 properabis
2409 2255 2551 2321 iter.
2646 2277 2762 2321 vos
2809 2256 3161 2323 comminus
3207 2258 3324 2340 ite,

1526 2359 1719 2424 stella
1764 2357 2102 2442 salutigeri
2144 2359 2319 2423 Iovis
2364 2366 2430 2425 et
2474 2359 2821 2443 Cythereie
2868 2361 3151 2445 Vesper:

1524 2483 1647 2527 non
1695 2450 1996 2544 umquam
2042 2461 2403 2546 hospitibus
2449 2463 2658 2528 facilis
2704 2464 3042 2547 Cyllenius
3089 2466 3279 2531 absit.

1699 2566 1883 2646 Iane,
1937 2564 2112 2630 veni:
2167 2585 2371 2631 novus
2416 2587 2622 2647 anne,
2674 2568 2855 2632 veni:
2908 2576 3212 2634 renovate
3257 2570 3402 2635 veni
3451 2570 3582 2636 Sol.

1524 2667 1819 2734 hostibus
1865 2666 2190 2748 edomitis,
2244 2689 2372 2752 qua
2415 2668 2693 2734 Francia
2737 2669 2937 2736 mixta
2983 2670 3218 2735 Suebis

1359 2791 1417 2830 κιο
1526 2778 1728 2836 certat
1771 2771 1856 2837 ad
1900 2771 2306 2854 obsequium,
2363 2773 2567 2839 Latiis
2615 2781 2683 2839 ut
2724 2771 2958 2839 militet
3002 2775 3231 2855 armis,

1526 2894 1655 2956 qna
1697 2895 1869 2958 vaga
1912 2874 2323 2941 Sauromates
2368 2875 2493 2941 sibi
2537 2876 2833 2942 iunxerat
2875 2877 3136 2960 agmina
3182 2878 3391 2943 Chuni

1525 2998 1778 3060 quaque
1825 2977 2023 3043 Getes
2068 2979 2258 3043 sociis
2304 2979 2591 3043 Histrum
2637 2979 3011 3047 adsultabat
3053 2981 3282 3046 Alanis

1534 3083 1673 3162 (hoc
1719 3081 1877 3146 mihi
1921 3082 2334 3166 praepetibus
2381 3083 2660 3147 Victoria
2705 3083 2954 3149 nuntiat
2997 3085 3168 3165 alis),

1523 3185 1653 3251 iam
1699 3184 1877 3251 venit
1919 3186 2278 3269 Angustus,
2335 3193 2583 3253 nostros
2629 3196 2699 3253 ut
2743 3193 2953 3253 comat
2996 3187 3295 3269 honores,

1357 3309 1418 3346 :35
1523 3289 1733 3353 officio
1778 3308 2132 3371 exornans,
2186 3309 2346 3371 quos
2392 3289 2779 3375 participare
2826 3291 3130 3375 cupisset.

1694 3392 1881 3474 Iane,
1932 3392 2114 3457 veni:
2165 3413 2370 3457 novus
2414 3414 2611 3474 anne,
2665 3394 2847 3459 veni:
2902 3402 3203 3461 renovate
3251 3394 3398 3461 veni
3446 3396 3577 3461 Sol.

1523 3516 1722 3561 aurea
1766 3493 2060 3576 venture,
2114 3495 2254 3576 Sol,
2307 3497 2563 3580 porrige
2608 3497 2851 3580 gaudia
2898 3498 3080 3562 Iano:

1524 3599 1806 3666 fascibus
1851 3599 2118 3664 Ausonii
2165 3599 2466 3666 succedet
2514 3601 2755 3666 Caesar
2798 3601 2866 3666 in
2911 3622 3180 3685 annum,

1523 3701 1810 3786 quintam
1856 3703 2147 3767 Romulei
2193 3710 2593 3787 praetextam
2640 3703 2977 3769 habiturus
3024 3704 3302 3770 honoris.

1354 3824 1416 3862 ⁴0
1524 3826 1672 3871 ecce
1720 3806 1829 3871 ubi
1874 3824 1943 3871 se
1990 3808 2274 3872 cumulat
2320 3827 2465 3871 mea
2509 3827 2795 3891 purpura
2848 3805 3130 3889 (mitibus
3176 3808 3328 3872 audi

1524 3907 1784 3973 auribus
1828 3908 1976 3989 hoc,
2029 3909 2387 3990 Nemesis),
2440 3915 2584 3992 post
2628 3930 2730 3974 me
2777 3909 3082 3991 dignatur
3125 3910 3270 3974 oriri

1525 4010 1855 4093 Augustus
1900 4012 2147 4076 consul.
2241 4013 2389 4096 plus
2433 4033 2626 4095 quam
2674 4011 2963 4078 conferre
3010 4012 3264 4078 videtur

1523 4134 1625 4179 me
1671 4114 1796 4180 sibi
1839 4115 1948 4198 qui
1992 4114 2179 4180 iussit
2223 4122 2472 4181 nostros
2517 4114 2906 4200 praecedere
2952 4117 3186 4182 fasces

1696 4218 1883 4299 Iane,
1937 4218 2115 4284 veni:
2170 4237 2375 4284 novus
2420 4239 2614 4301 anne,
2669 4219 2849 4284 veni:
2906 4227 3208 4285 renovate
3253 4219 3399 4285 veni
3445 4220 3584 4285 Sol.

1355 4341 1418 4380 ⁴⁵
1524 4341 1681 4404 coge
1728 4327 2056 4386 secuturos
2100 4321 2200 4386 bis
2247 4341 2407 4387 sena
2449 4342 2567 4407 per
2610 4323 2778 4387 ostia
2818 4341 3099 4388 menses.

1523 4431 1591 4489 tu
1637 4423 1946 4509 tropicum
1993 4424 2198 4490 solido
2243 4424 2331 4489 da
2376 4424 2638 4508 cedere,
2692 4445 2910 4490 rursus
2958 4432 3022 4490 et
3064 4427 3247 4491 illum

1523 4534 1706 4610 terga
1751 4526 1934 4604 dare,
1989 4534 2060 4592 ut
2104 4527 2345 4610 duplex
2391 4528 2632 4612 tropico
2676 4529 2956 4592 varietur
2999 4529 3081 4592 ab
3127 4536 3299 4593 astro

810 4847 827 4854 ρ
1027 4789 1059 4838 9
1095 4790 1212 4840 Hor.
1259 4790 1423 4851 Epist.
1464 4789 1485 4835 1
1529 4787 1608 4848 16,
1657 4786 1717 4835 1ss
1757 4785 2138 4849 Septembribus
2176 4789 2311 4837 horis
2537 4787 2598 4836 12
2640 4790 2786 4849 Verg.
2830 4789 3005 4851 Georg.
3053 4791 3070 4835 1
3111 4788 3211 4837 230
3437 4787 3498 4836 19
3536 4790 3686 4847 Verg.
3729 4787 3904 4848 Georg.
3949 4789 3968 4835 1
4008 4786 4102 4836 302

859 4878 1071 4937 genialis
1108 4877 1304 4937 hiemps

902 5027 1037 5034 av*

1029 5117 1060 5164 9
1096 5118 1347 5177 egelidum
1383 5116 1488 5164 Toll
1703 5116 1764 5166 10
1802 5122 2072 5163 autumnas
2099 5150 2112 5165 .
2148 5151 2159 5163 .
2189 5153 2201 5165 .
2235 5118 2442 5178 pruinas
2475 5116 2528 5174 V,
2572 5121 2815 5163 autumna
2844 5151 2855 5163 .
2891 5151 2901 5161 .
2937 5150 2948 5161 .
2979 5115 3159 5175 pruina
3197 5116 3447 5172 Heinsius,
3491 5115 3751 5162 autumnis
3779 5151 3792 5163 .
3825 5150 3837 5162 .
3871 5152 3882 5162 .
3912 5115 4106 5176 pruinis

862 5202 1034 5263 Perper
1247 5203 1299 5251 ιι
1343 5205 1494 5250 moris
1530 5202 1791 5265 Wakefield
1993 5201 2051 5249 12
2094 5180 2352 5250 humificet
2384 5202 2491 5261 ναι
2516 5199 2606 5262 m2)
2802 5195 2980 5247 bruma
3018 5200 3055 5245 ν
3255 5199 3314 5247 15
3353 5207 3577 5261 quoquat
3611 5200 3650 5246 v
3850 5199 3912 5247 ιθ
3950 5201 4105 5259 ign&-

854 5290 1053 5337 leonem
1101 5290 1141 5337 V
1175 5293 1212 5349 (t
1248 5289 1367 5349 del„
1410 5291 1426 5336 1
1461 5302 1519 5336 ea·
1556 5290 1606 5352 n)
1822 5287 1882 5336 19
1921 5288 2118 5348 hiemps
2168 5289 2206 5335 V
2240 5289 2287 5349 (p
2326 5288 2422 5337 del.
2462 5286 2552 5350 m‘l)
2762 5286 2828 5335 22
2866 5288 3057 5335 chintia
3103 5288 3143 5335 V
3347 5285 3412 5335 23
3452 5291 3570 5334 notu
3614 5287 3669 5347 V,
3709 5299 3806 5333 non
3844 5292 3900 5332 tn
3940 5284 4102 5345 Luyd.

855 5373 919 5423 25
964 5359 1136 5424 coinns
1172 5376 1211 5421 V
1412 5375 1479 5424 26
1516 5375 1794 5423 chithereie
1846 5376 1885 5421 V
2090 5373 2153 5422 27
2194 5358 2519 5437 nomumqni
2553 5374 2593 5421 V
2617 5374 2666 5432 (n
2692 5387 2817 5421 eras.
3039 5374 3170 5421 adsit
3200 5374 3253 5434 V,
3295 5374 3424 5420 absit
3450 5370 3622 5432 Peiper
3828 5370 3889 5418 31
3932 5360 4105 5418 iunxe-

853 5467 930 5510 rat
974 5461 1014 5508 V
1061 5476 1093 5509 n
1128 5458 1217 5523 m2)
1449 5463 1594 5510 cunts
1638 5462 1689 5522 V,
1733 5461 1901 5511 Chuni
1946 5462 2056 5510 Vin.
2295 5459 2618 5510 Sauromatae
2657 5497 2669 5509 .
2704 5496 2715 5506 .
2750 5496 2762 5508 .
2804 5459 3014 5507 Chunus
3057 5460 3188 5518 Toll,
3230 5475 3296 5506 an
3332 5473 3420 5506 sus
3457 5459 3601 5506 iunx.
3643 5460 3844 5518 agmins
3880 5456 4105 5506 Chunis?

854 5548 920 5597 32
956 5550 1088 5610 getis
1138 5549 1190 5609 V,
1234 5548 1386 5596 Getes
1429 5548 1539 5596 Vin.
1789 5548 1855 5597 36
1892 5548 2043 5595 inne
2088 5548 2129 5595 V
2164 5546 2213 5606 (n
2249 5548 2396 5606 eras.)
2656 5545 2720 5593 39
2757 5529 3020 5608 praetexta·
3065 5546 3105 5591 V
3137 5544 3187 5602 (x
3224 5559 3282 5592 ez
3316 5559 3342 5591 c
3367 5547 3406 5605 ?)
3663 5542 3729 5590 45
3767 5539 4025 5591 secinturos
4069 5542 4107 5589 V

853 5635 920 5684 46
957 5641 1016 5682 ut
1062 5635 1116 5694 V,
1155 5639 1214 5682 tu
1253 5634 1410 5693 Luyd.
1658 5636 1776 5683 solis
1813 5634 1876 5681 da
1912 5633 2097 5693 Luam,
2141 5635 2228 5681 soll
2267 5634 2328 5681 da
2366 5633 2500 5680 soal.
2542 5635 2685 5692 votyo
2919 5634 3048 5679 ruris
3094 5632 3149 5688 V,
3190 5645 3362 5678 rursus
3399 5631 3534 5678 δραι.
3783 5629 3846 5676 47
3886 5635 4000 5688 tega
4047 5627 4097 5688 V,

848 5728 989 5782 terga
1030 5720 1192 5782 Luqd.
1408 5722 1628 5780 tropicus
1668 5720 1802 5768 8001.
1842 5721 1989 5781 volyo
3180 5744 3185 5749 -
