4630 6435
797 444 922 509 228
2274 438 2580 497 AVSONII

1986 817 2473 885 PERIOCHAE
2518 815 2863 882 ILIADIS.

2402 974 2456 1038 Ι.

972 1130 1039 1196 2.
1630 1127 1826 1214 Μῆνιν
1874 1121 2040 1193 ἄειδε
2086 1124 2201 1192 θεὰ
2249 1124 2622 1212 Πηληιάδεω
2658 1123 2939 1214 Ἀχιλῆος
3956 1136 4050 1187 421

1626 1230 1955 1318 οὐλομένην
2000 1226 2040 1317 ἣ
2091 1229 2259 1318 μυρί’
2306 1226 2572 1319 Ἀχαιοῖς
2619 1223 2773 1316 ἄλγε’
2828 1231 3069 1315 ἔθηκεν.

1625 1338 1817 1418 Iram,
1871 1336 2043 1418 diva,
2095 1335 2266 1401 refer
2307 1335 2444 1401 nati
2488 1334 2717 1400 Peleos
2761 1333 3042 1399 Achillei

1623 1438 2014 1524 pestiferam,
2067 1458 2233 1522 quae
2278 1437 2461 1503 mille
2507 1437 2688 1503 dedit
2731 1435 3103 1502 discrimina
3144 1435 3435 1501 Achivis.

972 1542 1254 1626 Chryses
1298 1543 1619 1627 Apollinis
1665 1541 1964 1608 sacerdos
2008 1543 2087 1606 ob
2148 1539 2590 1606 redimendam
2650 1539 2850 1605 filiam
2898 1560 3040 1605 cum
3085 1538 3554 1622 Agamemnoni
3601 1538 4050 1624 supplicasset,
4100 1561 4129 1601 5

801 1645 1254 1711 contumeliose
1299 1647 1596 1730 repulsus
1642 1645 1832 1712 deum
1878 1652 2175 1730 precatur
2219 1644 2514 1710 ultorem.
2607 1644 2902 1709 insecuta
2957 1642 3228 1709 subinde
3273 1642 3458 1726 gravi
3501 1641 3872 1727 pestilentia
3916 1661 4059 1708 cum

802 1745 1192 1812 Graecorum
1225 1749 1542 1814 exercitus
1573 1748 1885 1830 interiret,
1939 1748 2186 1831 cogitur
2218 1748 2362 1832 (ab)
2396 1745 2648 1811 Achille
2680 1745 3016 1811 concilium
3050 1752 3115 1811 et
3142 1747 3225 1811 ab
3257 1744 3484 1811 eodem
3513 1745 3753 1810 invitus
3783 1744 4061 1810 Calchas

802 1850 1007 1916 morbi
1054 1870 1312 1916 causam
1359 1851 1742 1936 conpellitur
1797 1850 2107 1916 indicare.
2202 1871 2331 1933 qua
2391 1848 2646 1932 cognita
2693 1849 3133 1931 Agamemnon
3193 1848 3545 1914 concitatur
3601 1847 3669 1913 in
3712 1847 4056 1913 Achillem.

801 1952 911 2034 qui
973 1953 1255 2038 percitus
1312 1953 1648 2021 iracundia
1705 1953 1898 2019 etiam
1959 1952 2222 2019 caedem
2280 1953 2454 2035 regis
2514 1951 2828 2033 audebat,
2911 1950 3035 2016 nisi
3098 1971 3244 2016 eum
3302 1951 3370 2016 in
3430 1951 3723 2017 ultimum
3783 1951 4060 2016 furorem

801 2056 1104 2139 progredi
1170 2057 1460 2123 Minerva
1525 2056 1859 2124 vetuisset.
1974 2077 2015 2120 a
2079 2075 2203 2139 quo
2269 2055 2514 2121 Briseis
2582 2054 2935 2120 concubina
2999 2054 3067 2118 in
3133 2054 3340 2119 locum
3412 2053 3820 2138 chryseidis,
3896 2073 4061 2137 quae
4103 2073 4167 2116 ιο

801 2158 1221 2241 reddebatur,
1289 2160 1570 2227 abducta
1616 2167 1736 2226 est.
1829 2158 1982 2224 inde
2028 2159 2253 2224 Thetis
2299 2164 2505 2223 mater
2562 2157 2648 2222 ad
2695 2157 2945 2222 caelum
2989 2156 3292 2222 lacrimas
3339 2164 3405 2223 et
3448 2156 3898 2223 contumeliam
3942 2156 4061 2221 filii

801 2261 1107 2328 miserata
1162 2261 1602 2348 proficiscitur.
1697 2282 1863 2345 quae
1915 2262 2152 2328 fiducia
2211 2261 2464 2327 defensi
2524 2261 2844 2344 quondam
2900 2263 3043 2326 cum
3102 2261 3407 2344 Aegeone
3465 2245 3637 2326 Io'vis
3697 2261 3901 2326 ultum
3966 2260 4061 2327 ire

801 2365 1062 2431 affectat
1104 2365 1402 2431 iniuriam
1450 2367 1931 2448 obtestaturque
1978 2384 2294 2431 summum
2342 2364 2606 2431 deorum
2630 2416 2644 2445 ‚
2697 2371 2768 2429 ut
2797 2363 3113 2429 Troianos
3170 2363 3237 2428 in
3267 2363 3460 2428 rebus
3489 2363 3739 2430 bellicis
3771 2363 4063 2448 superio-

803 2486 905 2532 res
952 2486 1097 2533 esse
1142 2468 1445 2553 patiatur.
1553 2468 1785 2552 quibus
1841 2469 2000 2534 Iuno
2060 2468 2399 2553 compertis
2458 2466 2765 2532 iracunde
2825 2465 3169 2531 adversum
3226 2465 3563 2548 coniugem
3625 2472 4054 2532 conmovetur.

803 2570 918 2635 sed
964 2571 1248 2654 gliscens
1290 2572 1569 2654 iurgium
1614 2591 1731 2657 per
1773 2570 2200 2638 deridiculum
2246 2571 2647 2636 ministrante
2693 2570 2978 2635 Vulcano
3038 2569 3229 2634 simul
3276 2568 3527 2634 consilii
3587 2568 3800 2654 specie
3862 2568 4063 2633 inter·
4103 2589 4170 2630 ιε

802 2671 1074 2739 cedente
1131 2674 1389 2741 lenitur.

817 2934 840 2962 ο
2388 2915 2474 2979 ΙΙ.

977 3069 1044 3135 3.
1621 3063 1824 3135 Ἄλλοι
1870 3071 1975 3155 μέν
2024 3071 2100 3154 ῥα
2145 3069 2278 3133 θεοί
2322 3093 2385 3133 τε
2430 3065 2531 3132 καὶ
2575 3065 2781 3153 ἀνέρες
2830 3067 3253 3154 ἱπποκορυσταὶ
3963 3075 4063 3126 422

1633 3167 1805 3238 εὗδον
1850 3167 2203 3260 παννύχιοι,
2258 3171 2378 3236 Δία
2424 3166 2469 3235 δ’
2525 3166 2634 3237 οὐκ
2679 3171 2786 3259 ἔχε
2831 3167 3090 3257 νήδυμος
3136 3165 3337 3245 ῧπνος.

1630 3276 1961 3342 Caelestes
2006 3275 2462 3358 hominumque
2506 3294 2712 3358 genus
2759 3274 3123 3359 superabile
3170 3275 3340 3340 curis

1629 3378 1981 3461 tranquilla
2026 3380 2279 3445 obscuri
2326 3379 2677 3463 carpebant
2721 3398 2989 3444 munera
3034 3379 3262 3443 somni.

1629 3489 1700 3548 at
1741 3501 1868 3546 non
1913 3482 2293 3566 pervigilem
2339 3501 2464 3547 nox
2509 3482 2869 3565 inrequieta
2912 3484 3268 3547 Tonantem
4104 3502 4135 3541 5

1629 3584 1814 3650 leniit
1856 3584 2210 3651 inmodicos
2254 3586 2619 3651 volventem
2666 3584 2855 3651 corde
2900 3591 3185 3670 paratuS,

1630 3686 1940 3754 caedibus
1985 3694 2054 3753 ut
2101 3688 2369 3753 Graium
2412 3689 2659 3755 laesum
2708 3687 3054 3754 ulciscatur
3096 3686 3437 3753 Achillem.

977 3787 1263 3871 Iuppiter
1291 3789 1841 3873 Agamemnonem
1889 3791 2132 3855 somnio
2177 3798 2394 3857 monet
2437 3790 2669 3876 proelii
2712 3791 2991 3857 faciendi
3034 3797 3287 3876 tempus
3317 3788 3572 3872 adesse,
3623 3808 3706 3854 ne
3736 3795 4065 3854 cunctetur

807 3888 1137 3956 dimicare.
1241 3898 1374 3956 tum
1441 3892 1554 3959 ille
1621 3894 1688 3959 in
1756 3892 2091 3960 concilium
2152 3894 2520 3979 proceribus
2583 3894 2914 3960 advocatis
2966 3892 3340 3959 mandatum
3416 3891 3588 3958 Iovis
3655 3897 3721 3957 et
3783 3891 4062 3976 speciem

805 3999 1154 4057 nocturnae
1199 3992 1432 4076 quietis
1479 3996 1809 4080 explanat.
1890 4016 2039 4062 mox
2081 3997 2151 4061 in
2197 3998 2488 4063 contione
2520 3997 2928 4064 multitudine
2959 4002 3349 4080 congregata
3377 4001 3763 4081 pertemptat
3791 3995 4061 4061 militum
4106 4015 4167 4057 10

806 4094 1201 4161 voluntatem
1246 4104 1442 4179 utque
1489 4097 1776 4183 deposito
1820 4099 1991 4165 bello
2037 4098 2124 4164 ad
2169 4119 2287 4166 sua
2331 4100 2603 4183 quisque
2650 4099 2919 4166 redeant
2976 4098 3360 4166 cohortatur.
3453 4098 3712 4180 iamque
3771 4098 4063 4163 omnibus

811 4196 1292 4280 navigationem
1340 4199 1800 4269 adornantibus
1846 4202 2040 4289 foeda
2086 4203 2399 4269 discessio
2444 4205 2526 4270 ab
2573 4204 2762 4270 Vlixe
2810 4203 3162 4269 cohibetur.
3255 4223 3297 4268 a
3340 4222 3465 4285 quo
3513 4202 3705 4267 etiam
3734 4201 4064 4267 Thersites

808 4298 1109 4366 deformis
1155 4309 1220 4367 et
1262 4302 1535 4387 loquaX,
1603 4305 1669 4371 in
1714 4306 1977 4373 heroum
2024 4307 2444 4373 contumelias
2488 4307 2824 4373 verborum
2882 4306 3142 4373 licentia
3199 4312 3561 4391 promptus,
3629 4323 3773 4370 cum
3832 4305 4066 4369 acerba

807 4403 1248 4486 obiurgatione
1296 4407 1612 4490 pulsatur.
1702 4409 1846 4495 ipse
1890 4409 2219 4476 Minervae
2263 4410 2505 4476 monitu
2550 4418 2815 4476 cunctos
2873 4431 2915 4475 a
2964 4408 3356 4495 profectione
3416 4407 3716 4474 deterret.
3812 4413 4064 4490 sumpto

806 4505 1042 4573 deinde
1090 4508 1231 4573 cibo
1276 4517 1559 4575 armatur
1603 4512 1943 4578 exercitus.
2037 4532 2247 4596 neque
2293 4513 2495 4579 setius
2540 4534 2582 4578 a
2626 4512 2923 4579 Troianis
2966 4512 3275 4578 instructa
3333 4511 3508 4578 acies
3552 4508 3724 4576 Iride
3777 4510 3872 4576 ita
3927 4528 4066 4575 mo-
4108 4531 4168 4571 ιε,

981 4780 1039 4835 2.
1112 4786 1299 4836 Graeca
1334 4800 1432 4835 om.
1480 4788 1567 4849 09.
1643 4791 1881 4840 Periocha
1927 4792 2046 4839 libri
2096 4793 2246 4854 primi
2294 4791 2479 4839 Iliados
2529 4790 2613 4851 09.
2638 4828 2651 4852 ,
2705 4805 2763 4839 ac
2803 4792 2992 4840 similia
3028 4792 3259 4840 Lemmata
3299 4793 3351 4838 in
3387 4790 3582 4850 celeria
3644 4792 3697 4837 in
3734 4788 3779 4835 P
3812 4801 3915 4838 non
3950 4791 4065 4836 sunt

805 4873 1034 4920 Lemmta
1316 4872 1336 4921 1
1379 4878 1666 4923 ΑΧΙΛΛΗΟΟ
1709 4877 1755 4923 P
2028 4875 2060 4925 2
2101 4879 2450 4924 ΟΥΔΟΜΕΝΗΝ
2490 4875 2533 4923 Ρ
2798 4875 2828 4925 3
2866 4877 3028 4939 pelleo
3065 4876 3108 4923 P
3374 4875 3404 4923 5
3441 4875 3631 4923 chrises
3667 4874 3919 4937 appolinis
3955 4873 4001 4920 P

804 4960 1097 5017 agamenoni
1138 4959 1184 5006 P
1389 4962 1718 5023 supplicasset
1754 4967 1805 5009 et
1853 4961 1939 5022 09.
2189 4961 2217 5008 7
2255 4963 2419 5022 cogitfi
2457 4961 2635 5010 achille
2673 4961 2732 5023 P,
2774 4964 2905 5021 cogit
2937 4962 3165 5010 Achilles
3209 4961 3298 5021 09.
3340 4961 3501 5022 volpe,
3541 4962 3733 5021 cogitur
3770 4961 3831 5008 ab
3868 4960 4064 5008 Achille

804 5046 992 5105 scripsi,
1041 5046 1171 5105 cogit
1207 5055 1315 5093 tum
1353 5046 1579 5094 Achilles
1615 5048 1794 5097 Hau-tel
2001 5047 2231 5096 chalchas
2275 5046 2366 5108 09.
2582 5047 2612 5096 8
2649 5048 2965 5109 compellitur
3006 5046 3094 5106 09.
3310 5048 3429 5108 quia
3465 5047 3510 5094 P
3714 5058 3985 5106 agamenon
4025 5043 4069 5091 P

809 5129 869 5177 10
907 5130 1169 5180 chriseidis
1208 5129 1252 5177 P
1473 5146 1602 5194 quae
1637 5134 1765 5197 patri
1814 5132 1900 5194 09.
1943 5133 2082 5195 υοι90
2320 5130 2374 5181 11
2416 5133 2692 5193 lachrymas
2736 5132 2824 5193 09.
3062 5132 3123 5181 12
3161 5133 3442 5194 profiscitur
3478 5131 3524 5178 P
3743 5131 3921 5179 fidutia
3958 5131 4001 5178 P

807 5215 1011 5263 condam
1048 5215 1093 5262 P
1366 5219 1430 5266 iri
1475 5216 1621 5267 ναι*
1654 5220 1795 5280 υοῑ90
2079 5217 2137 5267 13
2176 5219 2377 5267 affectat
2412 5221 2602 5280 scripsi,
2659 5219 2915 5267 affectanti
2954 5219 2997 5266 P
3038 5218 3149 5281 09.,
3189 5219 3429 5266 affectans
3463 5231 3555 5266 ms.
3598 5219 3824 5266 Accursii
3857 5218 3999 5277 volqo

806 5301 1087 5349 obtestatur
1126 5304 1241 5362 (que
1277 5304 1391 5365 om.)
1447 5303 1537 5363 09.
1577 5306 1722 5365 υοιρο
1933 5303 2049 5352 belli
2096 5303 2185 5364 09.
2224 5306 2368 5364 volyo
2576 5305 2851 5366 superioris
2888 5303 2932 5351 P
3142 5302 3204 5352 14
3242 5309 3577 5352 commovetur
3624 5302 3711 5363 09.

979 5382 1040 5437 3.
1115 5385 1139 5435 1
1183 5391 1293 5434 NEN
1332 5387 1378 5434 P
1586 5392 1928 5438 lsslToPrcTAl
1968 5389 2013 5436 P
2217 5389 2247 5438 2
2288 5391 2559 5438 ΠΑΝΥΧΙΟΙ
2601 5390 2646 5437 Ρ
2851 5393 3114 5437 ΝΗΔΥΝΟΟ
3145 5392 3316 5438 lNNOC
3355 5389 3401 5436 P
3627 5387 3657 5437 3
3696 5388 3985 5452 superabile
4025 5387 4071 5434 P

807 5473 838 5520 4
880 5473 1113 5534 carpebat
1150 5474 1328 5522 mundi
1361 5473 1406 5520 P
1612 5474 1641 5522 5
1678 5471 1800 5541 nox]
1835 5489 1926 5524 nos
1952 5475 1998 5522 P
2202 5477 2474 5537 irrequieta
2509 5475 2595 5536 09.
2812 5476 2843 5524 6
2879 5476 3169 5524 immodicos
3202 5475 3290 5535 09.
3506 5472 3536 5523 8
3573 5487 3929 5534 agamenonem
3958 5472 4004 5519 P

806 5571 978 5606 somno
1025 5558 1112 5619 09.
1155 5559 1296 5618 υοῑ9ο
1538 5560 1687 5622 prelii
1720 5561 1930 5609 fatiendi
1968 5560 2014 5607 P
2253 5566 2510 5610 cunctetur
2555 5561 2646 5622 09.
2898 5561 2959 5610 10
2995 5565 3250 5622 pertentat
3297 5560 3384 5621 09.
3637 5559 3695 5610 11
3736 5562 3927 5622 quique
3973 5559 4062 5619 09.

804 5645 948 5704 υοῑ9ο
1158 5644 1441 5694 cohartatur
1478 5646 1524 5693 P
1731 5644 1793 5695 12
1831 5647 2237 5707 nauigationibus
2276 5646 2320 5694 P
2522 5647 2637 5695 seda
2673 5647 2718 5694 P
2920 5647 3133 5696 discesio
3168 5648 3229 5695 ab
3266 5647 3423 5706 vlyse
3466 5646 3557 5707 09.
3769 5646 3994 5695 thersitis
4026 5645 4072 5692 P

812 5728 872 5777 13
911 5735 964 5777 et
997 5732 1050 5778 in
1100 5730 1188 5790 09.
1401 5732 1636 5780 herorum
1673 5732 1718 5779 P
1921 5738 2146 5794 promtus
2187 5732 2232 5779 P
2442 5731 2503 5781 15
2541 5735 2705 5782 secius
2750 5733 2839 5794 09.
3051 5735 3266 5782 troianos
3302 5732 3347 5779 P
