4630 6435
1932 460 2389 515 Pnoosfflvn.
2538 536 2544 541 .
3663 461 3784 527 xv

2110 892 2209 966 Π.

705 1095 823 1159 His
886 1115 1053 1178 quae
1110 1096 1297 1161 modo
1345 1097 1428 1161 de
1474 1096 1607 1162 vita
1651 1096 1920 1162 Ausonii
1966 1096 2268 1180 exposui,
2338 1103 2407 1162 ut
2451 1103 2691 1163 certum
2739 1097 3189 1183 disputationi,
3254 1117 3448 1179 quam
3494 1118 3642 1163 mox
3685 1097 3787 1162 in·-

533 1215 819 1298 stituam,
871 1216 1359 1282 fundamentum
1407 1218 1829 1299 substruatur,
1883 1216 2144 1283 brevem
2190 1217 2271 1282 de
2315 1217 2729 1302 temporibus,
2784 1218 3015 1302 quibus
3062 1218 3319 1301 singula
3364 1218 3676 1303 opuscula
3703 1218 3785 1283 ab

533 1335 815 1401 Ausonio
863 1336 1222 1422 conscripta
1267 1345 1433 1420 sunt,
1487 1337 2002 1403 dissertationem
2048 1338 2443 1403 subnectam.
2525 1359 2653 1422 qua
2696 1338 2764 1402 in
2808 1358 2876 1403 re
2923 1359 3118 1420 quam
3163 1337 3411 1404 lubrica
3455 1338 3565 1404 via
3595 1359 3791 1424 saepe

532 1456 689 1520 mihi
732 1456 1226 1540 ingrediendum
1275 1459 1388 1540 sit,
1457 1479 1586 1523 non
1631 1459 1889 1541 ignor03
1957 1478 2105 1522 nam
2151 1479 2538 1542 quamquam
2584 1458 2651 1522 in
2695 1458 2939 1524 libellis
2982 1460 3250 1524 Ausonii
3295 1460 3620 1525 nonnullis
3666 1480 3790 1524 non

530 1576 762 1642 desunt
809 1578 969 1642 satis
1016 1585 1190 1643 certa
1235 1584 1589 1663 temporum
1633 1578 1895 1659 indicia,
1948 1584 2165 1642 tamen
2212 1579 2280 1641 in
2325 1579 2474 1644 aliis
2521 1599 2623 1644 res
2669 1586 2770 1644 est
2815 1579 3008 1663 plane
3051 1579 3317 1661 incerta,
3368 1580 3435 1644 in
3482 1580 3633 1645 aliis
3670 1579 3791 1645 du-

529 1696 639 1762 bia
698 1703 762 1762 et
818 1718 985 1781 quae
1045 1698 1422 1764 coniecturis
1483 1704 1729 1763 tantum
1791 1698 2067 1781 quodam
2117 1698 2303 1763 modo
2351 1698 2648 1764 constitui
2693 1700 2920 1785 possit.
3012 1700 3131 1765 sed
3176 1708 3245 1764 ut
3288 1700 3590 1767 brevitati
3635 1719 3790 1764 con-

530 1816 771 1899 sulam,
839 1818 971 1883 iam
1031 1818 1199 1883 hanc
1257 1818 1372 1884 tibi
1433 1819 1822 1900 carminum,
1890 1818 1971 1884 de
2030 1838 2298 1902 quorum
2359 1820 2752 1904 temporibus
2812 1827 2925 1886 aut
2970 1821 3126 1886 certi
3170 1820 3419 1902 aliquid
3463 1827 3575 1885 aut
3618 1818 3790 1902 quod

530 1937 758 2001 saltem
817 1938 955 2004 veri
1015 1939 1296 2022 speciem
1358 1938 1594 2003 habeat
1652 1938 1846 2003 statui
1892 1944 2139 2027 potest,
2211 1939 2499 2004 tabulam
2545 1961 2897 2024 proponam
2942 1941 3070 2025 ita,
3139 1948 3208 2006 ut
3254 1941 3445 2005 simul
3493 1960 3660 2024 quae
3705 1940 3789 2004 ad

530 2077 662 2122 rem
708 2058 1204 2124 confirmandam
1250 2059 1617 2125 necessaria
1662 2078 1805 2124 esse
1851 2058 2154 2124 videntur
2197 2058 2479 2124 adiciam
2501 2064 2571 2142 ¹).

699 2213 851 2266 circa
886 2230 1089 2268 annum
1125 2227 1398 2268 cccxxxx
1435 2214 1650 2281 scripta
1686 2218 1775 2268 est
1811 2214 2105 2282 epistulal
2142 2214 2217 2267 ad
2255 2218 2473 2282 patrem
2512 2216 2584 2269 de
2620 2221 2889 2285 suscepto
2926 2216 3074 2279 filim
3114 2221 3246 2270 ante
3272 2217 3517 2273 Sabinae
3552 2223 3786 2271 mortem

1351 2302 1761 2369 epigrammata
1797 2300 1983 2361 XVII,
2026 2299 2240 2364 XVIII,
2284 2299 2468 2365 XXV,
2511 2301 2723 2365 XXVI,
2763 2302 2989 2357 XXVII

697 2408 826 2457 ante
863 2421 914 2457 a.
946 2417 1229 2459 cocnxvu
1267 2404 1578 2473 composita
1618 2419 1742 2457 csse
1780 2404 2008 2458 videtur
2029 2403 2361 2473 Ephemeris
2391 2405 2579 2471 (IIII);
2624 2422 2750 2460 nam
2777 2406 2911 2475 quin
2934 2404 3223 2460 Ausonius
3249 2406 3527 2461 Versibus
3550 2406 3790 2473 pascha-

1349 2490 1498 2544 libus
1541 2489 1748 2553 (VIIII)
1791 2489 2045 2544 imitatus
2084 2489 2160 2543 sit
2195 2490 2526 2555 orationem,
2569 2506 2714 2559 quae
2753 2496 2841 2545 est
2877 2492 2934 2545 in
2971 2491 3348 2560 Ephemeride
3388 2494 3481 2556 (3),
3523 2507 3630 2559 ego
3666 2493 3790 2561 qui-

1350 2576 1477 2629 dem
1513 2590 1622 2629 non
1662 2574 1863 2629 dubito
1915 2573 2010 2635 (cf.
2051 2575 2213 2630 Vers.
2253 2576 2452 2643 pasch.
2494 2594 2587 2631 vv.
2636 2579 2682 2631 l.
2725 2580 2773 2631 7.
2823 2580 2900 2631 12.
2948 2579 3006 2628 14
3034 2593 3119 2646 sq.
3167 2579 3246 2632 16.
3288 2580 3373 2631 20.
3418 2579 3502 2631 21.
3544 2580 3603 2628 31
3660 2593 3786 2631 cum

1352 2661 1439 2715 his
1475 2661 1749 2715 orationis
1785 2679 1877 2715 vv.
1908 2663 1994 2713 27.
2035 2662 2119 2714 38.
2162 2664 2248 2715 35.
2290 2663 2355 2712 33
2382 2677 2467 2731 sq.
2513 2662 2638 2725 (78.)
2683 2666 2732 2715 9.
2773 2664 2858 2714 48.
2908 2664 2987 2716 16.
3029 2664 3137 2728 80).
3201 2667 3372 2731 atque
3406 2663 3609 2717 intima
3645 2680 3785 2733 qua-

1348 2748 1475 2800 dam
1531 2746 1949 2800 necessitudine
2004 2747 2154 2799 inter
2207 2762 2269 2801 se
2326 2748 2626 2802 coniuncta
2681 2763 2806 2802 esse
2861 2748 3005 2802 haec
3053 2749 3300 2803 carmina
3346 2749 3456 2802 iam
3505 2750 3786 2803 intellexit

1354 2831 1600 2885 Ebertus
1637 2832 1664 2885 I
1701 2833 1800 2884 287
1838 2832 1968 2885 adn.
2011 2832 2088 2895 32)

692 2954 800 2990 non
837 2937 1013 2989 multo
1049 2942 1180 3004 post
1215 2953 1266 2989 a.
1308 2949 1593 2990 cccnxvn
1630 2936 1828 3003 scripti
1867 2941 1998 2990 sunt
2034 2936 2253 2990 Versus
2288 2936 2589 3003 paschales
2631 2937 2868 3001 (VIIII),
2926 2935 2999 2991 cf.
3040 2956 3096 2993 v.
3136 2941 3231 2998 25;
3288 2937 3392 2992 hoc
3442 2938 3588 2992 enim
3639 2956 3784 2993 anno

1346 3038 1398 3075 a.
1438 3022 1492 3075 d.
1535 3036 1696 3077 vnn.
1734 3022 1849 3075 kal.
1892 3021 2255 3090 Septembres
2291 3022 2594 3077 Gratianus
2631 3021 2928 3091 Augustus
2965 3024 3286 3079 declaratus
3324 3031 3414 3080 est

692 3143 742 3179 a.
784 3139 1093 3179 cccnxvm
1134 3126 1221 3180 vel
1264 3125 1582 3194 insequenti
1622 3125 1831 3192 scripta
1867 3131 1956 3179 est
1992 3126 2237 3194 epistula
2273 3126 2348 3178 ad
2385 3125 2670 3181 Theonem
2711 3124 2805 3187 (cf.
2848 3146 2940 3183 vv.
2975 3128 2995 3178 1
3033 3134 3093 3181 et
3117 3129 3200 3190 81,
3242 3128 3392 3181 unde
3430 3127 3785 3195 intellegitur

1350 3212 1711 3267 ‘militantes'
1750 3212 1807 3265 in
1842 3228 1896 3265 v.
1927 3212 1985 3263 81
2029 3228 2139 3266 non
2165 3211 2399 3275 habere,
2442 3229 2553 3282 quo
2591 3212 2991 3280 offendamur);
3036 3215 3235 3269 eodem
3274 3212 3391 3268 fere
3425 3219 3684 3283 tempore
3721 3221 3786 3271 ut

1346 3298 1575 3352 videtur
1611 3299 1668 3351 in
1705 3299 2069 3365 expeditione
2105 3298 2338 3352 militari
2378 3296 2470 3360 (cf.
2515 3298 2710 3354 XXVI
2752 3300 2794 3363 1,
2842 3301 2921 3364 12)
2963 3299 3141 3355 Cento
3177 3301 3448 3369 nuptialis
3486 3302 3644 3355 iussu
3683 3303 3787 3355 im-

1342 3385 1624 3452 peratoris
1663 3385 2045 3439 Valentiniani
2089 3383 2362 3449 (XXVIII
2405 3386 2449 3450 l,
2482 3389 2511 3437 7
2538 3391 2683 3455 sqq.)
2727 3387 3092 3440 concinnatus
3128 3393 3232 3447 est,
3275 3385 3555 3454 praefatio
3593 3393 3781 3441 autem

1350 3470 1425 3524 ad
1461 3470 1696 3524 Paulum
1746 3471 1964 3539 aliquot
2012 3471 2172 3525 annis
2207 3476 2342 3538 post
2383 3472 2742 3540 (‘quondam’
2782 3474 2830 3536 9)
2875 3472 3270 3539 conscriptass).
3347 3473 3498 3526 idem
3538 3470 3782 3528 fortasse

1342 3557 1415 3610 de
1452 3555 1668 3625 Gripho
1712 3556 1936 3619 (XXVI)
1982 3556 2116 3610 licet
2153 3561 2426 3611 statuere.
2501 3558 2575 3612 ad
2624 3558 2865 3612 eundem
2911 3573 3115 3611 annum
3164 3555 3462 3612 referenda
3498 3563 3629 3611 sunt
3664 3558 3784 3626 epi-

1348 3647 1660 3710 grammata
1699 3641 1812 3694 IIII
1848 3646 1907 3695 et
1942 3642 2013 3704 V,
2057 3643 2263 3711 quibus
2300 3644 2545 3697 victoria
2580 3643 2652 3697 de
2689 3641 3021 3698 Alamannis
3056 3648 3345 3712 reportata
3382 3644 3708 3698 celebratur

690 3763 741 3799 a.
782 3758 1011 3800 cccnxx
1052 3746 1398 3814 compositus
1437 3752 1528 3799 est
1564 3746 1800 3800 Mosella
1839 3745 2055 3808 (XVIII
2096 3747 2180 3808 2),
2236 3762 2348 3815 qua
2397 3748 2468 3800 de
2505 3761 2564 3799 re
2602 3747 2735 3802 vide
2771 3762 2915 3815 quae
2952 3745 3335 3813 Boeckingius
3384 3748 3648 3814 exposuit
3684 3747 3773 3801 ed.

1344 3832 1442 3885 alt.
1473 3848 1528 3900 p.
1560 3834 1623 3883 97
1640 3832 1702 3893 ⁴),
1744 3836 1913 3900 atque
1952 3831 2151 3884 eodem
2191 3829 2308 3885 fere
2348 3836 2600 3900 tempore
2639 3833 2851 3900 scripta
2887 3838 3018 3887 sunt
3043 3832 3289 3886 carmina
3315 3833 3371 3885 in
3396 3832 3655 3886 Bissulae
3681 3832 3780 3886 ho-

1344 3932 1536 3971 norem
1569 3917 1791 3981 (XXV),
1835 3919 1937 3971 scd
1975 3917 2193 3985 aliquot
2228 3918 2389 3971 annis
2425 3923 2558 3985 post
2593 3918 2752 3973 edita
2788 3923 2847 3972 et
2882 3919 2956 3972 ad
2991 3917 3226 3972 Paulum
3262 3919 3436 3973 missa

689 4039 740 4078 a.
781 4035 1036 4076 cccnxxl
1073 4020 1452 4076 adscribenda
1488 4024 1577 4073 est
1614 4019 1861 4087 epistula
1898 4019 1970 4072 ad
2006 4020 2252 4074 Probum
2294 4019 2511 4085 (XVI);
2565 4036 2692 4074 nam
2731 4038 2785 4075 v.
2827 4023 2892 4072 20
2942 4022 3154 4076 diserte
3191 4022 3447 4077 Gratiani
3497 4027 3555 4075 et
3605 4022 3775 4076 Probi

1343 4107 1672 4160 consulatus
1710 4105 2066 4172 significatur

692 4430 736 4490 1)
780 4431 842 4476 cs.
886 4429 1123 4477 BrandeS.
1166 4429 1304 4476 Ann.
1346 4427 1523 4488 philol.
1571 4426 1694 4477 1881
1738 4442 1789 4490 p.
1833 4429 1899 4477 60
1927 4443 1999 4490 sq.

688 4526 738 4586 2)
780 4540 901 4574 num
938 4526 1028 4573 hac
1066 4539 1119 4573 re
1157 4525 1439 4572 subsidium
1476 4525 1721 4586 quoddam
1757 4531 1958 4586 paretur
1994 4525 2339 4589 coniecturae,
2381 4541 2529 4588 quam
2568 4527 2858 4576 dubitanter
2893 4531 3147 4591 proposui,
3188 4529 3240 4575 in
3277 4528 3604 4589 inscriptione
3641 4528 3770 4574 Ver-

517 4625 662 4658 snnm
697 4612 1009 4672 paschalIum
1046 4609 1178 4659 illud
1222 4610 1413 4670 ‘proco'
1452 4613 1505 4658 in
1550 4612 1638 4659 ‘ex
1676 4610 1920 4672 tempore'
1962 4612 2257 4659 mutandum
2295 4627 2436 4673 esse,
2491 4613 2697 4661 videant
2730 4614 2831 4661 alii.
2908 4614 3039 4676 quod
3078 4616 3120 4661 si
3158 4614 3461 4676 premendus
3498 4617 3576 4660 est
3611 4628 3658 4662 v.
3702 4613 3764 4661 67

515 4699 770 4757 orationis,
811 4697 1109 4759 premeris
1145 4698 1321 4757 primis
1357 4699 1571 4745 Ausonii
1610 4698 1916 4746 carminibus
1951 4698 2332 4746 adnumeranda
2370 4703 2465 4748 est.

690 4791 737 4852 3)
782 4793 1041 4840 Ausonius
1077 4794 1132 4839 in
1168 4793 1262 4840 hac
1297 4793 1606 4853 praefatione
1643 4794 1715 4840 ita
1749 4794 1975 4855 loquitur
2010 4794 2072 4841 de
2109 4795 2504 4856 valentiniane,
2556 4800 2615 4842 ut
2657 4809 2774 4843 enm
2811 4800 2919 4843 tum
2957 4794 3054 4842 iam
3091 4807 3191 4842 non
3227 4795 3280 4840 ln
3319 4794 3448 4841 vivis
3485 4793 3645 4841 fuisse
3681 4807 3770 4840 su-

521 4879 704 4938 spicari
748 4878 916 4926 liceat.
992 4878 1182 4925 accedit
1229 4878 1362 4940 quod
1399 4879 1792 4928 Valentinianus
1830 4879 2054 4927 XXVIII
2097 4880 2140 4942 1,
2184 4879 2214 4929 8
2252 4884 2457 4928 sanctus
2507 4887 2724 4930 vocatur.
2803 4882 2936 4930 unde
2984 4881 3344 4944 praefatlouem
3393 4880 3529 4927 illam
3570 4883 3684 4939 post
3719 4894 3766 4927 a.

514 4976 750 5012 cccnxxv
787 4966 1021 5027 scriptam
1058 4977 1169 5012 esse
1206 4965 1412 5025 adparet
1454 4965 1532 5026 (cf.
1576 4965 1815 5013 BrandeS.
1856 4981 1911 5029 p.
1953 4966 2017 5014 60
2055 4966 2171 5013 adn.
2219 4965 2289 5027 1).

683 5060 731 5120 4)
774 5075 935 5108 unum
970 5063 1132 5109 obstat
1170 5063 1458 5121 Boeckingii
1497 5064 1831 5121 coniecturae,
1874 5062 1984 5110 dico
2020 5061 2147 5109 illud
2190 5062 2344 5110 ‘nati'
2385 5063 2440 5110 iu
2474 5077 2522 5113 v,
2555 5061 2678 5124 450,
2719 5063 2848 5125 quod
2885 5065 2938 5111 in
2965 5059 3122 5110 Ven.⁴
3156 5067 3405 5110 mutatum
3442 5065 3519 5109 est
3553 5061 3607 5108 in
3651 5061 3767 5107 ‘na-

514 5145 637 5194 tus'.
713 5161 826 5194 nam
873 5148 917 5193 si
967 5151 1100 5194 recte
1145 5161 1199 5195 se
1244 5146 1394 5196 babet
1433 5147 1611 5209 ‘nati’,
1663 5147 1717 5194 id
1754 5147 1894 5195 nulla
1929 5147 2025 5195 alia
2061 5148 2254 5195 ratione
2291 5148 2530 5210 explicari
2570 5154 2763 5210 potest,
2815 5149 2916 5197 nisi
2953 5155 3012 5196 ut
3047 5153 3326 5197 statuamus
3364 5146 3644 5195 Ausonium
3681 5144 3768 5192 hoc

516 5234 664 5280 verbo
699 5238 751 5279 et
787 5231 1085 5280 Gratianum
1125 5237 1177 5279 et
1211 5233 1628 5281 Valentinianum
1666 5234 1914 5281 iuniorem
1953 5234 2334 5293 significavisse.
2411 5238 2546 5282 certe
2583 5248 2669 5295 ea,
2722 5248 2872 5296 quam
2907 5234 3240 5292 Boeckingius
3277 5233 3560 5296 proposuit,
3615 5230 3767 5278 huius

512 5319 606 5365 loci
649 5319 917 5379 explicatio
968 5318 1219 5367 reicienda
1265 5324 1365 5368 est.
1439 5324 1492 5367 at
1535 5319 1657 5381 quid
1705 5333 1887 5381 quaeso
1922 5319 2165 5382 impedit,
2222 5320 2492 5382 quominus
2528 5326 2770 5382 putemus
2805 5323 3085 5369 Ausonium
3124 5320 3478 5367 Valentiniano
3516 5323 3659 5376 nato,
3709 5322 3769 5364 ut

513 5404 826 5453 blandiretur
874 5406 1159 5466 Imperatori
1206 5421 1264 5454 ac
1308 5408 1449 5467 qnasi
1497 5407 1745 5454 divinaret
1791 5420 1845 5454 se
1890 5412 1950 5455 ut
1997 5407 2222 5455 Gratiani
2271 5407 2345 5455 ita
2380 5407 2725 5454 Valentiniani
2777 5419 2975 5469 quoque
3019 5419 3188 5453 curam
3234 5409 3586 5466 suscepturum
3634 5417 3762 5462 esse,

512 5491 815 5538 mentionem
868 5492 980 5539 eius
1025 5493 1079 5539 in
1125 5506 1324 5540 carmen
1376 5494 1477 5540 iam
1525 5493 1808 5540 absolutum
1857 5506 1913 5540 ac
1949 5494 2227 5553 perfectum
2266 5494 2525 5541 intulisse.
2600 5499 2824 5540 ceterum
2859 5507 3160 5555 quamquam
3196 5492 3454 5540 Ausonius
3489 5504 3602 5537 cum
3639 5488 3765 5535 Gra-

510 5578 648 5624 tiano
685 5577 918 5625 Treveris
956 5582 1183 5625 versatus
1218 5583 1321 5639 eat,
1364 5592 1477 5627 cum
1520 5579 1789 5640 ‘profligati
1829 5578 1968 5626 venit
2004 5578 2173 5625 laurea
2208 5577 2348 5625 belli'
2393 5578 2588 5640 (xvnl
2628 5578 2679 5640 2,
2719 5578 2872 5638 425),
2926 5585 3092 5627 tamen
3131 5583 3251 5625 ante
3287 5591 3401 5624 cum
3436 5577 3640 5623 alumno
3677 5587 3766 5621 suo

512 5664 852 5724 imperatorem
890 5666 1157 5712 comitatus
1194 5666 1246 5711 in
1284 5666 1460 5712 rastris
1498 5665 1778 5712 commorari
1819 5664 1986 5725 potnit
2029 5667 2108 5725 (cf.
2146 5665 2204 5713 E.
2234 5664 2382 5711 XVII
2416 5664 2475 5711 18
2502 5665 2660 5726 sqq.).
2736 5665 2856 5711 haec
2891 5666 3057 5712 addidi
3096 5670 3293 5726 propter
3329 5678 3404 5722 ea,
3446 5677 3575 5723 quae
3611 5661 3764 5707 Voel-

510 5749 657 5795 kerus
694 5751 863 5809 Symb.
910 5751 1064 5797 Bonn.
1109 5765 1157 5812 p.
1199 5751 1301 5798 450
1339 5751 1631 5811 disputavit.

3805 1075 3974 1124 Quibus
3993 1076 4201 1128 tempori·

3803 1126 3887 1166 bus
3903 1128 4089 1168 Ausonii
4103 1140 4200 1169 car-

3801 1178 3920 1219 mina
3929 1179 4097 1230 scripta
4110 1180 4202 1220 sint
