4630 6435
1973 401 2412 456 PROOEMIVM
2422 444 2434 456 .
3689 405 3840 469 LXI

578 646 773 711 opere
832 626 899 691 in
960 626 1282 710 scriptura
1337 625 1787 692 constituenda
1844 633 2040 710 atque
2103 625 2512 692 emendanda
2572 625 2954 692 Theodori
2999 628 3432 693 Mommseni
3492 628 3730 694 iudicio
3790 635 3855 694 et

582 746 848 812 consilio
893 746 1155 813 adiutus
1203 746 1344 826 sim,
1402 752 1470 811 ut
1514 766 1637 829 ego
1682 745 2053 829 gratissimo
2099 767 2242 811 cum
2289 746 2504 811 animo
2549 766 2848 829 agnosco,
2903 747 2997 813 ita
3043 748 3146 813 hic
3193 748 3357 814 liber
3402 748 3546 832 ipse
3582 755 3854 814 testatur

578 866 756 933 haud
812 867 1038 951 paucis
1097 866 1359 950 egregie
1419 867 1502 931 ab
1561 865 1675 931 illo
1734 865 2016 931 inventis
2075 872 2361 932 ornatus.
2457 886 2577 932 nec
2635 867 2849 933 minus
2907 868 3255 934 honorifice
3314 870 3850 935 commemorandi

579 994 729 1053 sunt
787 987 944 1052 mihi
990 987 1283 1070 collegae
1330 986 1552 1071 optimi
1598 1006 1676 1051 ac
1721 985 2109 1065 doctissimi,
2180 986 2611 1052 Guilelmus
2657 989 2950 1069 Hartel,
3022 988 3133 1072 qui
3176 1009 3343 1071 quae
3390 989 3845 1074 speciminibus

578 1108 1059 1193 typographicis
1115 1107 1524 1191 perlustratis
1587 1105 1919 1172 adnotavit
1976 1113 2170 1188 atque
2229 1107 2296 1171 in
2342 1107 2445 1172 his
2490 1109 2803 1187 perbonas
2850 1109 3133 1174 locorum
3179 1109 3580 1193 quorundam
3626 1130 3847 1175 emen-

580 1228 874 1294 dationes
936 1228 1215 1312 benigne
1274 1227 1340 1292 in
1402 1248 1614 1292 meum
1676 1247 1861 1293 nsum
1924 1226 2226 1309 contulit,
2299 1234 2365 1293 et
2409 1228 2579 1293 Otto
2625 1228 3097 1309 Hirschfeld,
3169 1231 3280 1312 qui
3326 1230 3408 1297 de
3455 1231 3646 1295 rebus
3690 1251 3848 1314 geo-

578 1348 906 1433 graphicis
964 1354 1029 1414 et
1086 1347 1521 1433 epigraphicis
1583 1347 1909 1412 consultus
1969 1346 2050 1411 de
2111 1346 2239 1425 eis,
2310 1367 2477 1430 quae
2534 1347 2618 1412 ad
2678 1349 3033 1414 Ausonium
3093 1350 3547 1416 illustrandum
3609 1351 3843 1434 requiri

580 1468 995 1550 videbantur,
1066 1488 1316 1534 summa
1374 1486 1501 1548 qua
1554 1474 1653 1533 est
1706 1466 2107 1532 humanitate
2167 1487 2270 1532 me
2332 1466 2606 1534 edocuit.
2702 1468 2804 1534 his
2863 1469 3061 1551 igitur
3118 1478 3185 1536 et
3226 1470 3384 1536 viris
3431 1471 3837 1550 doctissimis,

583 1588 690 1673 qui
752 1609 856 1654 me
908 1588 976 1653 in
1036 1589 1157 1654 hoc
1215 1588 1381 1654 libro
1442 1587 1837 1653 conficiendo
1895 1587 2032 1653 sive
2089 1587 2334 1653 libellis
2394 1586 2896 1653 subministratis
2958 1589 3093 1655 sive
3139 1589 3470 1656 codicibus
3512 1591 3834 1671 indicatis,

579 1709 1004 1790 transmissis,
1060 1708 1314 1775 collatis
1359 1707 1773 1789 adiuverunt,
1842 1708 1924 1772 N.
1976 1707 2329 1787 Anziani,
2385 1707 2467 1772 G.
2518 1708 2886 1790 Brandes,
2943 1710 3024 1773 D.
3078 1711 3507 1791 Detlefsen,
3564 1714 3640 1777 R.
3693 1713 3842 1778 De-

581 1830 965 1909 zeimeris,
1036 1829 1110 1895 Ο.
1165 1828 1254 1895 de
1299 1828 1799 1908 Heinemann,
1872 1827 1952 1893 G.
2006 1827 2098 1892 du
2144 1826 2359 1908 Rieu,
2430 1828 2502 1893 C.
2557 1828 2630 1891 L.
2681 1830 3048 1913 Ruelens,
3116 1830 3192 1896 O.
3244 1832 3513 1913 Seeck,
3584 1832 3720 1915 qui,
3777 1840 3848 1897 ut

580 1950 949 2034 Symmachi
994 1949 1307 2029 editione,
1364 1969 1555 2032 qnam
1601 1967 1770 2013 nunc
1815 1954 2011 2027 curat,
2069 1954 2299 2026 uterer,
2355 1947 2635 2030 benigne
2683 1950 3016 2031 concessit,
3073 1951 3451 2035 ceterisque,
3508 1972 3668 2035 quos
3712 1953 3846 2018 iam

578 2071 643 2136 in
688 2070 810 2136 hoc
852 2069 1176 2155 prooemio
1220 2068 1575 2149 nominavi,
1631 2089 1713 2134 ea
1756 2088 1887 2150 qua
1931 2066 2118 2133 decet
2162 2067 2575 2134 observantia
2619 2090 2810 2152 quam
2856 2070 3173 2136 maximas
3217 2072 3464 2155 gratias
3509 2093 3656 2157 ago.

579 2352 717 2399 siano
748 2348 839 2399 111
880 2351 1087 2412 petitae,
1128 2350 1286 2397 multa
1324 2361 1454 2410 quae
1493 2348 1552 2396 ad
1589 2348 1963 2408 illustrandum,
2005 2361 2164 2409 pauca
2199 2362 2329 2409 quae
2365 2349 2427 2396 ad
2462 2348 2832 2396 emendandum
2856 2350 3140 2398 Ausonium
3179 2351 3459 2412 pertinent,
3497 2352 3844 2413 continentur,

577 2436 637 2484 ad
677 2438 854 2484 Ianum
892 2437 1109 2483 Dousam
1156 2434 1445 2484 referendas
1495 2447 1605 2483 esse
1651 2436 1762 2496 ipse
1800 2434 2116 2481 Burmannus
2162 2448 2254 2481 sua
2304 2448 2458 2482 manu
2505 2435 2558 2481 in
2606 2436 2724 2483 folio
2772 2435 2964 2483 adiecto
3011 2441 3229 2485 testatus
3272 2442 3365 2485 est.
3443 2438 3651 2485 minoris
3689 2438 3844 2486 etiam

582 2521 818 2570 momenti
867 2525 988 2568 sunt
1030 2535 1115 2583 ea,
1170 2535 1299 2583 quae
1348 2522 1403 2568 in
1453 2521 1675 2581 margine
1725 2519 1963 2567 editionis
2004 2520 2319 2568 Genevensis
2357 2535 2401 2568 a.
2445 2533 2641 2567 unxnc
2689 2521 2744 2568 in
2788 2521 2950 2568 lucem
2989 2522 3202 2570 emissae
3246 2522 3405 2583 (extat
3439 2524 3497 2571 in
3535 2522 3846 2582 bybliotheca

581 2607 968 2665 Guelferbytana
1004 2620 1214 2655 numero
1240 2603 1339 2655 348
1376 2606 1510 2655 Gud.
1551 2605 1804 2666 insignita)
1847 2606 2114 2668 adscripsit
2150 2604 2391 2653 Claudius
2419 2605 2711 2656 Salmasius.
2785 2621 2900 2654 nam
2937 2621 3002 2655 ex
3040 2609 3357 2671 coniecturis,
3400 2623 3525 2671 quas
3561 2612 3838 2673 proposuit,

583 2692 671 2739 hae
710 2697 906 2740 tantum
944 2706 1068 2754 quas
1105 2705 1533 2740 commemorarem
1573 2692 1753 2752 dignae
1789 2705 1899 2739 esse
1937 2692 2268 2739 videbantur:
2310 2692 2408 2739 XV
2445 2690 2532 2753 25,
2561 2691 2590 2741 3
2637 2691 2810 2740 ‘matri
2827 2687 2856 2754 '‚
2899 2691 3127 2741 XXVIII
3162 2693 3205 2755 1,
3239 2694 3269 2742 5
3309 2694 3554 2743 ‘naucum
3569 2695 3597 2755 ’,
3642 2709 3688 2745 e.
3727 2695 3842 2759 107,

591 2778 648 2828 17
694 2780 955 2829 ‘incesto'.
1033 2779 1254 2840 denique
1290 2779 1491 2839 inspexi
1528 2778 1634 2827 cod.
1678 2775 1920 2838 Scaliger.
1955 2777 2014 2824 N.
2046 2776 2112 2826 60
2143 2777 2183 2824 Β
2220 2777 2560 2837 bybliothecae
2597 2778 2878 2840 Leidensis,
2920 2780 3067 2828 cuius
3103 2781 3157 2828 in
3195 2782 3249 2829 ff.
3280 2779 3481 2830 69—71
3523 2782 3748 2830 addenda
3785 2783 3844 2831 ad

580 2867 827 2916 lectiones
863 2866 1178 2914 Ausonianas
1215 2880 1243 2912 a
1282 2864 1531 2925 Scaligero
1568 2866 1843 2925 conscripta
1879 2865 2137 2925 leguntur.
2204 2862 2332 2910 nihii
2372 2868 2540 2912 tamen
2567 2878 2630 2912 ex
2657 2865 2753 2925 eis,
2793 2866 2924 2926 quod
2948 2865 3153 2925 quidem
3177 2865 3391 2914 alicuius
3419 2870 3655 2915 momenti
3680 2875 3835 2929 esset,

579 2954 638 3001 ad
678 2954 895 3000 Ausonii
930 2952 1171 3013 opuscula
1206 2951 1514 3000 emendanda
1548 2952 1655 3012 peti
1691 2951 1876 3012 potuit.
1952 2951 2226 2998 novissime
2264 2950 2323 2997 R.
2369 2950 2680 2997 Dezeimeris
2716 2952 2772 2997 in
2809 2950 3012 3011 libello,
3059 2965 3210 3012 quem
3247 2953 3509 3014 inscripsit
3547 2951 3626 3001 ‘A
3663 2968 3845 3016 propos

585 3037 703 3086 d’un
742 3040 1018 3087 manuscrit
1052 3037 1346 3097 d'Ausone’,
1386 3037 1687 3099 Burdigalae
1724 3052 1771 3087 a.
1817 3035 1947 3086 1883
1984 3038 2037 3085 in
2077 3037 2239 3084 lucem
2276 3037 2477 3098 emisso,
2518 3036 2757 3084 editionis
2793 3037 3030 3096 Aldinae,
3072 3052 3225 3099 quam
3265 3039 3372 3100 ipse
3408 3038 3662 3101 possidet,
3707 3055 3845 3088 men·

581 3126 768 3174 tionem
803 3126 943 3173 fecit.
1019 3125 1165 3172 cuius
1201 3126 1256 3171 in
1294 3125 1606 3184 marginibus
1643 3138 1756 3171 cum
1793 3128 1991 3185 praeter
2026 3125 2300 3184 scripturas
2337 3123 2520 3171 codicis
2556 3124 2792 3173 Vossiani
2831 3123 3146 3172 coniecturae
3182 3126 3374 3186 aliquot
3409 3125 3629 3174 adiectae
3667 3127 3843 3186 legan-

581 3215 694 3272 tur,
735 3209 824 3260 has
862 3219 920 3258 ut
955 3211 1379 3260 commendabiles
1414 3211 1704 3274 proposuit:
1758 3209 1820 3259 E.
1863 3209 2013 3258 XIIII
2052 3207 2116 3257 23
2160 3208 2500 3273 ‘immensis'‚
2549 3209 2616 3260 A.
2657 3209 2701 3256 V
2737 3209 2787 3270 2,
2827 3208 2858 3258 4
2904 3210 3107 3271 ‘laesa’,
3158 3210 3290 3272 quod
3327 3212 3539 3261 coniecit
3575 3213 3838 3274 Heinsius,

580 3299 641 3347 A.
686 3299 728 3345 V
762 3296 816 3360 9,
855 3296 886 3346 2
926 3299 1157 3346 ‘uxorem
1196 3293 1437 3358 abigere’.
1516 3298 1604 3346 sed
1642 3310 1807 3358 neque
1850 3281 2159 3345 ‘immensis'
2195 3298 2320 3345 ferri
2356 3301 2526 3360 potest
2562 3311 2726 3358 neque
2769 3293 3020 3357 ‘abigere’
3055 3311 3201 3357 eum,
3250 3298 3338 3359 qui
3377 3311 3576 3345 carmen
3613 3301 3676 3347 Α.
3720 3300 3764 3346 V
3802 3300 3833 3349 9

579 3385 870 3447 composuit,
913 3386 1175 3447 scripsisse
1211 3385 1467 3446 probabile
1503 3390 1597 3434 est.

751 3473 811 3519 In
847 3471 1012 3519 indice
1048 3472 1208 3534 primo
1245 3470 1550 3519 conficiendo
1585 3476 1783 3532 praeter
1820 3470 2023 3529 vlneti,
2079 3470 2347 3531 ScaIIgeri,
2405 3469 2551 3517 Tollii
2572 3507 2585 3532 ,
2634 3470 2845 3531 Floridi,
2896 3467 3140 3516 Soucbaei
3177 3472 3559 3519 commentarios
3581 3509 3593 3532 ‚
3638 3477 3839 3534 praeter

580 3558 780 3619 Speckii
818 3557 1061 3615 libellum,
1104 3558 1159 3605 in
1197 3572 1295 3620 qno
1330 3557 1392 3604 de
1427 3557 1647 3605 Ausonii
1686 3557 1873 3605 studiis
1901 3557 2209 3617 Vergilianis
2244 3557 2430 3618 agitur,
2471 3556 2687 3618 deniqne
2721 3559 2924 3620 praeter
2958 3570 3032 3618 ea,
3074 3570 3204 3619 quae
3231 3557 3469 3604 Kellerus
3505 3563 3557 3605 et
3581 3558 3838 3606 Holderus

577 3645 633 3691 in
668 3643 889 3691 editione
924 3643 1144 3705 Horatii,
1183 3645 1603 3704 Dillenburgerus
1638 3645 1691 3691 in
1729 3643 1847 3707 eph.
1890 3657 2059 3704 gymn.
2104 3643 2266 3691 Berol.
2312 3641 2465 3704 1868,
2504 3657 2556 3704 p.
2589 3641 2688 3691 323
2714 3657 2856 3705 sqq.,
2900 3642 3136 3690 Keller-us
3173 3645 3228 3690 in
3268 3643 3642 3704 Epilegomenis
3681 3644 3838 3692 Hora-

578 3729 730 3776 tianis
765 3729 1093 3791 collegerunt,
1132 3730 1341 3778 adhibui
1378 3730 1590 3778 Antonii
1626 3730 1961 3789 Zingerlingii
1995 3729 2181 3777 librum
2220 3728 2329 3776 ‘Zn
2366 3731 2595 3790 spiteren
2636 3729 2721 3776 lat.
2764 3726 3030 3776 Dichtern'
3070 3729 3094 3774 I
3131 3743 3184 3790 p.
3214 3726 3277 3776 27
3300 3743 3408 3791 sqq.
3451 3736 3501 3777 et
3537 3729 3606 3776 M.
3638 3731 3838 3778 Hertzii

582 3816 726 3865 Anal.
769 3815 829 3863 ad
867 3829 1015 3864 carm.
1058 3817 1176 3864 Hor.
1219 3816 1337 3866 hist.
1380 3832 1487 3880 cap.
1517 3816 1648 3875 1111;
1689 3817 1741 3863 in
1778 3816 1947 3864 indice
1984 3816 2133 3863 tertio
2168 3821 2370 3879 praeter
2407 3814 2609 3863 Raehsii
2647 3815 2873 3863 libellum
2914 3813 3020 3862 ‘De
3057 3827 3111 3861 re
3147 3815 3355 3863 metrica
3389 3814 3629 3863 Ausonii’
3669 3816 3829 3867 Berol.

587 3898 714 3950 1868
751 3915 875 3949 usus
914 3916 1026 3949 sum
1062 3905 1123 3951 Α.
1156 3902 1370 3954 Meureri
1408 3902 1752 3966 disputatione
1788 3902 1851 3949 de
1891 3903 1952 3950 D.
1985 3902 2153 3962 Magni
2182 3903 2397 3950 Ausonii
2434 3914 2620 3962 genere
2654 3901 2854 3949 dicendi
2891 3901 3178 3949 Monasterii
3209 3899 3336 3949 1873
3365 3902 3418 3948 in
3443 3901 3604 3949 lucem
3631 3904 3829 3951 emissa.

839 4070 1257 4136 Vindobonae
1302 4092 1389 4135 m.
1440 4071 1610 4136 Maio
1654 4092 1718 4135 a.
1769 4071 2433 4138 MDCCCLXXXIII.

2921 4203 3235 4283 carolus
3291 4202 3626 4283 Schenkl.
