4630 6435
737 359 752 372 ’
815 409 940 471 232
2290 397 2599 456 Avsomr

808 595 1135 662 navalium
1195 593 1592 660 munimenta
1651 590 2021 658 rescindunt
2079 591 2451 673 vallumque
2511 588 2900 673 transgressi
2966 588 3256 674 auguriis
3320 588 3623 656 iuvantur
3688 611 3770 657 ex
3835 598 4069 658 eventu
4109 613 4134 653 5

809 698 1153 783 ambiguis.
1248 698 1466 781 itaque
1525 703 1589 762 et
1645 715 1796 780 pars
1852 694 2016 760 muri
2071 694 2153 759 ab
2200 694 2574 778 Sarpedone
2622 691 3005 759 convellitur
3061 700 3126 758 et
3184 693 3268 757 ab
3314 695 3587 760 Hectore
3644 693 3775 760 ictu
3834 694 4070 781 lapidis

811 811 997 888 porta
1040 801 1385 868 discutitur
1428 807 1492 867 et
1536 800 1603 864 in
1647 798 1807 884 ipsis
1843 797 2193 865 ‘navalibus
2238 818 2459 882 pugna
2503 796 2879 864 conseritur.

2350 1074 2534 1139 XIII.

990 1231 1098 1298 14.
1637 1226 1787 1302 Ζεὺς
1834 1226 1892 1294 δ’
1946 1227 2077 1294 ἐπεὶ
2123 1220 2226 1294 οὖν
2273 1224 2488 1314 Τρῶάς
2531 1254 2596 1293 τε
2641 1228 2741 1293 καὶ
2769 1219 3041 1315 “Europa
3085 1226 3258 1314 νηυσὶ
3302 1231 3624 1294 πέλασσεν.
3968 1249 4068 1299 433

1634 1334 1925 1419 Iuppiter
1968 1333 2256 1399 admovit
2297 1334 2502 1398 Troas
2546 1339 2739 1416 atque
2783 1333 3061 1398 Hectora
3106 1331 3320 1398 classi.

981 1441 1321 1524 Neptunus
1378 1436 1786 1502 miseratione
1848 1443 2175 1502 conmotus
2221 1434 2602 1519 Argivorum
2662 1436 2918 1501 tuendis
2978 1436 3253 1501 navibus
3310 1436 3654 1502 auxiliator
3711 1437 3961 1502 accedit
4006 1445 4068 1502 et

813 1551 1123 1628 usurpata
1172 1541 1610 1628 <Calchantis>
1657 1539 1826 1605 vatis
1874 1539 2092 1623 effigie
2139 1539 2373 1605 Aiaces
2419 1539 2580 1604 duos
2624 1539 2691 1603 in
2737 1540 3046 1625 proelium
3095 1540 3462 1605 cohortatur
3505 1560 3623 1605 nec
3653 1540 3864 1605 minus
3895 1548 4068 1606 cete-

811 1669 946 1712 ram
994 1645 1467 1712 multitudinem
1513 1644 1885 1728 praesentia
1929 1642 2289 1708 maiestatis
2335 1642 2623 1725 instigat.
2720 1643 3102 1708 Idomeneus
3134 1643 3396 1724 egregio
3426 1643 3772 1709 certamine
3806 1645 4063 1709 eminet.
4111 1665 4136 1703 r,

811 1750 1077 1815 Troiani
1122 1749 1250 1814 iam
1297 1748 1652 1814 referentes
1699 1746 1993 1829 gradum,
2043 1745 2279 1811 firmati
2326 1766 2576 1811 rursum
2622 1767 2738 1831 per
2768 1747 3103 1812 Hectorem
3143 1796 3498 1811 .......
3537 1753 3602 1811 et
3643 1746 3889 1830 ingenti
3935 1748 4072 1813 cla-

808 1874 983 1918 more
1030 1853 1344 1936 utrimque
1390 1857 1691 1917 certatur.

2326 2125 2543 2191 XIIII.

984 2283 1094 2351 15.
1635 2281 1914 2368 Νέστορα
1960 2278 2021 2347 δ’
2077 2279 2185 2346 οὐκ
2228 2280 2452 2346 ἔλαθεν
2501 2278 2646 2368 ἰαχὴ
2693 2275 2936 2346 πίνοντά
2980 2306 3088 2368 περ
3134 2281 3351 2367 ἔμπης.
3964 2302 4068 2352 434

1635 2384 1972 2451 Concussit
2017 2384 2313 2467 quamvis
2360 2390 2686 2469 potantem
2734 2385 3010 2450 Nestora
3054 2386 3294 2450 clamor

1632 2489 2063 2571 attonitasque
2108 2507 2298 2553 aures
2345 2487 2598 2572 pepulit
2638 2488 2956 2571 gravitate
2997 2490 3332 2554 tumultus.

981 2593 1142 2657 Iuno
1188 2592 1512 2657 vinculum
1548 2591 1891 2658 Venerium
1950 2591 2075 2672 (cui
2119 2596 2295 2657 cesto
2329 2589 2622 2676 (nomen)
2657 2594 2774 2672 est)
2828 2596 3119 2657 mutuata
3148 2590 3235 2656 ad
3265 2591 3479 2656 Iovem
3514 2590 3728 2675 pergit
3754 2590 3822 2656 in
3853 2611 4070 2658 seces-

807 2716 949 2761 sum
995 2694 1230 2761 montis
1276 2695 1435 2760 Idae
1480 2695 1919 2777 exoritatoque
1966 2694 2239 2778 Somn0,
2309 2700 2382 2759 ut
2438 2693 2622 2759 illum
2684 2701 3124 2776 conmergeret
3178 2693 3249 2758 in
3307 2713 3635 2777 soporem,
3694 2744 3942 2760 .....
3991 2716 4068 2761 ac
4110 2719 4137 2759 5

811 2799 1048 2865 debinc
1093 2799 1355 2882 vigilias
1402 2798 1542 2864 eius
1589 2798 1831 2864 uxoriis
1877 2797 2226 2864 labefactat
2271 2796 2621 2863 illecebris.
2719 2796 2903 2863 cuius
2956 2797 3358 2879 ignoratione
3403 2799 3743 2882 Neptunus
3786 2798 4072 2864 abutitur

806 2902 1255 2984 fortunamque
1323 2901 1715 2968 Graecorum
1781 2901 2138 2987 promptius
2204 2900 2580 2966 auxiliando
2648 2900 2957 2982 restituit,
3040 2901 3239 2967 Aiace
3307 2902 3506 2966 Locro
3579 2901 3747 2966 ultra
3819 2907 4066 2967 ceteros

805 3005 1186 3089 proeliante.

2366 3283 2509 3350 XV.

978 3436 1090 3508 16.
1637 3433 1838 3525 Αὐτὰρ
1885 3438 2014 3503 ἐπεὶ
2063 3433 2164 3503 διά
2210 3462 2274 3502 τε
2322 3433 2620 3511 σκόλοπας
2665 3437 2769 3502 καὶ
2811 3433 3038 3526 τάφρον
3085 3437 3339 3525 ἔβησαν.
3965 3454 4067 3507 435

1629 3543 1764 3607 Iam
1814 3543 2059 3607 vallum
2105 3541 2475 3626 fossamque
2524 3561 2717 3625 super
2759 3542 3043 3607 Troiana
3086 3541 3382 3607 inventus
3438 3602 3439 3605 ,

1625 3645 1978 3737 institerat,
2035 3652 2263 3731 captae
2309 3645 2615 3710 minitans
2660 3644 2961 3711 incendia
3006 3644 3258 3711 classis.

974 3747 1263 3834 Iuppiter
1319 3768 1542 3814 somno
1601 3749 1973 3835 expergitus
2032 3748 2209 3815 videt
2269 3755 2505 3814 statum
2569 3748 2934 3815 certaminis
2987 3748 3356 3813 innovatum
3403 3746 3685 3833 pellique
3729 3747 4059 3829 Troianos⁷

805 3849 1072 3915 Graecis
1119 3871 1304 3936 opem
1353 3850 1596 3917 ferente
1643 3852 1966 3936 Neptuno.
2060 3852 2280 3935 itaque
2327 3872 2555 3937 aspere
2601 3852 2847 3918 Iunone
2909 3850 3244 3937 increpata
3300 3858 3365 3917 et
3406 3851 3745 3917 minaciter
3788 3872 3903 3936 per
3946 3852 4070 3917 Iri—
4110 3879 4136 3918 5

807 3953 954 4018 dem
1001 3954 1342 4020 conterrito
1391 3954 1647 4040 (fratre)
1694 3955 1872 4021 iubet
1915 3955 2364 4020 auxiliatorem
2411 3954 2749 4021 desistere.
2827 3955 2969 4041 ipse
3000 3955 3365 4039 Apollinem
3411 3954 3760 4020 recreando
3805 3954 4072 4037 adlegat

802 4055 1058 4121 Hectori
1121 4064 1460 4140 monetque
1519 4078 1632 4142 pro
1677 4058 2042 4143 Phrygibus
2101 4058 2262 4123 belli
2313 4059 2673 4124 instaurare
2719 4058 3061 4124 fortunam.
3155 4066 3287 4124 tum
3335 4064 3399 4124 et
3441 4056 3609 4122 Aiax
3652 4057 4069 4123 Telamonius

803 4158 1066 4242 egregie
1112 4160 1492 4244 proeliatur:
1551 4161 1622 4246 <a
1665 4161 1822 4248 quo>
1875 4161 2172 4247 plurimis
2220 4160 2503 4227 hostium
2550 4161 2908 4228 interfectis
2953 4161 3369 4246 conflagratio
3415 4160 3644 4227 classis
3688 4168 3961 4226 arcetur.

976 4507 1008 4556 6
1044 4521 1258 4572 sar-pone
1294 4507 1339 4555 P
1544 4510 1760 4558 conuelli
1804 4508 1846 4555 P
2053 4511 2272 4574 plapidis
2311 4510 2357 4557 P
2564 4510 2593 4560 7
2630 4511 2889 4559 discititur
2927 4509 2989 4572 P,
3026 4510 3312 4559 discuditur
3358 4510 3473 4574 U9.,
3512 4511 3786 4559 discutitur
3822 4509 3936 4560 Par.

975 4589 1076 4644 14·
1153 4594 1174 4644 1
1216 4597 1312 4643 ΕΠΙ
1350 4595 1396 4642 Ρ
1602 4598 1823 4643 ΝΗΥΟΙΠ.
1869 4596 2053 4658 (ceteris
2089 4598 2299 4657 omissis)
2345 4595 2387 4642 P
2594 4595 2625 4645 2
2661 4598 2858 4658 Iupiter
2901 4596 2990 4657 Uy.
3204 4597 3465 4646 admonuit
3505 4596 3547 4643 P
3755 4598 3908 4647 Troes
3945 4595 4062 4647 edit.

803 4680 1067 4731 Amstclod.
1110 4682 1260 4743 volqo
1478 4680 1509 4729 3
1547 4689 1822 4731 commotus
1867 4682 1954 4743 U9.
2188 4683 2217 4731 4
2258 4684 2394 4730 uatis
2434 4681 2479 4729 P
2519 4681 2633 4743 U9.,
2673 4683 2962 4732 Calchantis
2998 4683 3128 4731 vatis
3163 4696 3251 4744 ⁶90
3462 4684 3616 4733 aiacis
3651 4684 3697 4731 P
3905 4684 4064 4747 filium

800 4767 1080 4816 cohartstur
1116 4768 1161 4815 P
1365 4767 1397 4816 6
1434 4770 1644 4817 firmatis
1682 4769 1738 4832 P,
1780 4771 2046 4817 firmantur
2086 4768 2358 4818 Mommsen
2567 4771 2802 4819 lacunam
2839 4769 3083 4832 indicav1'3
3125 4768 3483 4818 contrahuntur
3521 4772 3769 4832 supplevit
3808 4771 3897 4831 Uy.
3925 4773 4066 4832 volyo

805 4854 888 4915 (11.
931 4855 1071 4902 XIII
1102 4855 1223 4915 800)
1439 4854 1466 4903 7
1505 4848 1687 4918 urmq3
1731 4854 1777 4901 P

976 4936 1076 4992 15.
1153 4941 1174 4991 1
1215 4943 1811 4991 ΠΕΙΝΟΝΤΛΕΠΕΡΜΡΗΟ
1843 4941 1889 4990 Ρ
2129 4940 2160 4990 2
2195 4941 2428 5005 pot‘atem
2472 4940 2531 5005 P,
2570 4947 2873 5003 potestatem
2918 4942 3027 5003 Uq„
3070 4947 3328 5004 potantem
3373 4939 3520 4991 Vens
3728 4944 3928 4993 hectora
3971 4943 4058 5005 Uy.

801 5027 835 5076 4
871 5029 1127 5089 cingulum
1167 5028 1403 5078 Heinsius
1656 5029 1863 5077 ueneris
1907 5028 1999 5089 Uy.
2040 5029 2183 5090 volvo
2439 5041 2620 5075 nomen
2658 5042 2755 5077 om.
2801 5027 2844 5074 P
3104 5028 3135 5076 5
3171 5029 3295 5087 ydae
3331 5028 3377 5075 P
3616 5032 3964 5092 exoritstoque
4005 5029 4059 5093 P,

801 5115 1165 5175 exhortatoque
1208 5114 1298 5175 U9.
1327 5115 1489 5176 volqu,
1526 5120 1828 5176 exoratoque
1866 5114 2102 5163 Heinsius
2309 5120 2371 5162 ut
2406 5113 2525 5162 dnm
2562 5119 2781 5163 comecet
2823 5112 2881 5174 P,
2922 5119 2981 5162 ut
3017 5128 3133 5163 eum
3170 5115 3453 5164 comitteret
3497 5115 3581 5176 Uy.
3624 5117 3786 5179 volyo,
3828 5124 3887 5166 ut
3923 5118 4065 5165 illum

802 5206 1142 5260 conmergeret
1175 5202 1349 5262 scripsi
1591 5215 1650 5250 sc
1683 5200 1866 5249 debinc
1902 5200 1948 5249 P
1988 5200 2100 5263 U9.,
2143 5213 2200 5249 sc
2234 5200 2331 5250 del.
2376 5199 2494 5249 Par.
2534 5201 2695 5260 volqo,
2736 5201 2897 5249 malui
2933 5201 3165 5249 lacunam
3201 5200 3421 5250 indicare
3688 5202 3720 5253 6
3758 5205 3928 5253 uxoris
3972 5204 4057 5265 Uq.

804 5285 832 5333 7
873 5292 1092 5334 caeteros
1129 5286 1262 5335 ultra
1306 5285 1395 5347 Uy.
1610 5286 1640 5336 8
1678 5288 1922 5347 preliante
1963 5286 2008 5333 P
4148 5354 4151 5357 Ι

982 5366 1081 5422 18.
1156 5371 1178 5421 1
1220 5372 1865 5421 ΕΠΙΔΙΧΤΕΟΚΟΛΟΠΑΟΛΥ
1901 5373 1947 5419 Ρ
2152 5372 2183 5421 3
2220 5375 2432 5422 minitas
2468 5373 2655 5423 insidia
2694 5372 2739 5419 P
2957 5374 3102 5422 classi
3144 5374 3257 5422 Toll
3290 5365 3464 5436 volyo⁸
3641 5376 3675 5425 4
3711 5378 3905 5439 Iupiter
3949 5377 4062 5439 U9.,

805 5457 837 5507 6
873 5460 1141 5506 conterrita
1177 5458 1220 5505 P
1263 5458 1348 5519 Uy.
1622 5461 1821 5507 fratrem
1866 5459 1978 5521 U9.‚
2020 5460 2170 5509 fratre
2206 5459 2394 5522 Luyd„
2437 5473 2534 5509 om.
2575 5459 2621 5506 P
2884 5461 3035 5508 fratre
3072 5462 3343 5510 conterrito
3379 5463 3457 5511 vel
3494 5465 3821 5512 conterritum
3860 5464 4063 5512 fratrem

807 5545 923 5606 (om.
959 5545 1029 5607 et)
1073 5544 1342 5592 Aecus-sius
1549 5547 1832 5607 appolinem
1874 5545 1916 5592 P
2122 5545 2150 5593 ¹1
2190 5547 2454 5607 phrigibns
2496 5547 2538 5593 P
2741 5546 3075 5595 thelamonius
3110 5546 3155 5593 P
3363 5548 3393 5598 8
3430 5551 3629 5610 egregie
3665 5564 3773 5613 eqo,
3811 5564 3964 5610 grene
4000 5551 4058 5611 P,

804 5636 1010 5679 strenue
1054 5630 1142 5690 119.
1183 5632 1328 5691 volqo
1536 5634 1727 5694 plistur
1766 5630 1812 5677 P
2015 5644 2045 5679 a
2080 5645 2177 5692 quo
2214 5632 2454 5694 supplevi,
2499 5648 2595 5682 om.
2638 5632 2701 5696 P,
2740 5638 2794 5680 et
2828 5633 2888 5680 ab
2924 5632 3097 5680 eodem
3142 5632 3233 5694 Uq.
3273 5637 3419 5695 volqo
