4630 6435
844 419 962 479 174
2319 413 2625 469 AVSONII

1547 626 1606 665 ιε)
1715 626 1841 671 non
1889 604 2020 690 <ut>
2068 604 2252 688 tigris
2299 611 2398 686 te,
2454 625 2580 669 non
2626 604 2832 669 leonis
2877 603 3157 688 impetu,

1884 729 2098 774 amore
2145 710 2262 775 sed
2310 729 2458 774 caro
2504 716 2757 793 expeto,

1711 813 1933 879 videre
1978 813 2222 878 alumni
2266 813 2477 896 gestio
2521 813 2733 877 voltus
2778 811 2903 878 mei

1886 923 1951 981 et
1991 916 2208 982 indole
2254 923 2475 1001 optata
2520 916 2668 981 frui.

1713 1020 1953 1085 invitus
2001 1021 2152 1085 olim
2201 1019 2509 1085 devoravi
2554 1019 2893 1086 absentiae

1545 1145 1604 1186 20
1884 1123 2337 1189 necessitatem
2383 1123 2727 1208 pristinae,

1714 1227 2035 1309 quondam
2085 1226 2359 1292 docendi
2403 1247 2667 1292 munere
2713 1226 3092 1293 adstrictum
3138 1227 3323 1311 gravi

1887 1331 2195 1396 Iculisma
2241 1351 2385 1395 cum
2429 1337 2494 1396 te
2540 1330 2997 1411 absconderet,

1715 1441 1778 1500 et
1821 1435 2192 1501 invidebam
2238 1434 2427 1500 devio
2473 1455 2551 1500 ac
2596 1435 2733 1500 solo
2779 1437 2918 1500 loco

1887 1558 2048 1624 opus
2093 1558 2505 1604 camenarum
2551 1539 2707 1622 tegi.

1546 1664 1607 1704 25
1714 1648 1781 1706 at
1825 1663 1995 1708 nunc
2039 1642 2408 1725 frequentes
2453 1648 2646 1725 atque
2693 1643 2900 1708 claros
2946 1664 3066 1709 nec
3110 1645 3330 1729 procul

1889 1767 2032 1811 cum
2077 1745 2308 1812 floreas
2353 1747 2520 1811 inter
2565 1746 2736 1811 viros

1711 1850 1956 1932 tibique
2001 1857 2254 1916 nostras
2299 1857 2531 1915 ventus
2575 1869 2769 1914 auras
2815 1849 3068 1916 deferat

1887 1973 2203 2035 auresque
2253 1973 2463 2019 sermo
2509 1954 2835 2033 verberet,

1716 2078 1827 2122 cur
1872 2077 1974 2122 me
2021 2058 2252 2141 supino
2299 2057 2576 2142 pectoris
2624 2057 2797 2122 fastu
2842 2063 3098 2123 tumens

1547 2184 1607 2224 30
1891 2161 2143 2245 spernis
2187 2168 2441 2245 poetam
2489 2162 2850 2239 consulem,

1715 2265 1933 2347 tuique
1979 2271 2299 2330 amantem
2346 2272 2537 2346 teque
2583 2265 2919 2330 mirantem
2965 2285 3043 2330 ac
3086 2272 3200 2330 tua

1889 2367 2364 2433 desiderantem
2411 2367 2698 2433 carmina

1715 2471 1955 2537 oblitus
2001 2471 2133 2536 alto
2179 2471 2478 2555 neglegis
2523 2471 2829 2537 fastidio?

1892 2574 2273 2659 plectendus
2321 2576 2617 2660 exemplo
2663 2582 2807 2657 tuo,

1549 2702 1610 2741 35
1716 2679 1783 2744 ni
1831 2678 2083 2744 stabilis
2129 2698 2290 2744 aevo
2338 2679 2618 2763 pectoris
2662 2680 2865 2744 nostri
2909 2680 3072 2745 fides

1890 2802 2278 2865 quamquam
2325 2789 2702 2848 recusantes
2749 2791 2941 2848 amet.

1719 2885 1889 2951 vale.
1985 2884 2203 2950 valere
2249 2885 2305 2949 si
2350 2886 2533 2950 voles
2579 2906 2720 2966 me,
2772 2886 3040 2970 pervola

1892 3009 2034 3054 cum
2082 2987 2317 3054 scrinio
2364 2996 2430 3053 et
2474 2989 2676 3054 musis
2720 2989 2871 3054 tuis.

1319 3268 1494 3332 XVI.
1555 3266 1977 3331 AVSONIVS
2024 3265 2300 3332 PROBO
2347 3265 2852 3332 PRAEFECTO
2898 3265 3386 3331 PRAETORIO
3432 3267 3614 3331 SAL.

2442 3437 2504 3503 l.

1018 3597 1254 3662 Oblata
1297 3617 1413 3680 per
1457 3595 1854 3677 antiquarios
1903 3615 2078 3659 mora
2123 3593 2256 3659 scio
2299 3594 2602 3678 promissi
2649 3594 2774 3660 mei
2819 3594 3095 3678 gratiam
3142 3595 3588 3679 expectatione
3634 3604 4104 3682 consumptam,
4150 3602 4247 3652 405

841 3700 1078 3782 Probe,
1133 3699 1230 3764 vir
1275 3699 1540 3784 optime:
1609 3698 1676 3762 in
1724 3698 2025 3764 secundis
2078 3704 2296 3762 tamen
2351 3698 2559 3764 habeo
2604 3719 2733 3763 non
2779 3698 3116 3764 fefellisse.
3213 3699 3527 3782 apologos
3574 3699 3816 3764 Titiani
3862 3708 3926 3766 et
3968 3703 4113 3766 Ne·—
4154 3674 4231 3734 (ω)

842 3803 1010 3889 potis
1057 3802 1374 3881 chronica,
1428 3801 1614 3884 quasi
1664 3802 1825 3866 alios
1871 3803 2179 3885 apologos
2235 3804 2404 3882 (nam
2453 3801 2691 3886 etipsa
2720 3802 2925 3866 instar
2956 3808 3105 3866 sunt
3135 3802 3521 3885 fabularum)
3574 3803 3660 3867 ad
3703 3804 4110 3870 nobilitatem

843 3916 1019 3972 tuam
1063 3906 1243 3988 misi,
1306 3905 1601 3989 gaudens
1649 3911 1840 3988 atque
1887 3906 2083 3971 etiam
2129 3905 2415 3988 glorians
2464 3905 2599 3971 fore
2644 3906 2931 3988 aliquid,
2997 3905 3168 3987 quod
3212 3905 3296 3970 ad
3341 3905 3807 3973 institutionem
3854 3915 4106 3974 tuorum

842 4009 1209 4076 sedulitatis
1255 4028 1438 4073 meae
1486 4009 1698 4072 studio
1747 4009 2130 4074 conferatur.
2227 4008 2451 4073 libello
2509 4016 2724 4074 tamen
2769 4011 3189 4094 apologorum
3234 4010 3505 4074 antetuli
3548 4031 3789 4094 paucos
3834 4012 4099 4096 epodOS,
4149 4028 4175 4065 ⁵

841 4114 1052 4179 studio
1099 4113 1163 4177 in
1211 4119 1273 4176 te
1320 4111 1767 4178 observantiae
1812 4132 1996 4177 meae
2043 4111 2627 4196 impudentissimo,
2681 4133 2924 4196 paucos
2970 4112 3253 4194 quidem,
3307 4119 3379 4177 ut
3421 4133 3541 4195 ego
3574 4114 3811 4196 loquax
3842 4115 4099 4182 iudico:

839 4238 1059 4283 verum
1107 4223 1207 4296 tu,
1279 4235 1419 4280 cum
1468 4216 1742 4298 legeriS,
1811 4216 2008 4281 etiam
2068 4216 2333 4280 nimium
2391 4216 2628 4281 multos
2688 4217 2970 4301 putabis.
3066 4216 3292 4280 adiuro
3337 4215 3852 4283 benevolentiam
3896 4225 4101 4302 tuam,

839 4319 1268 4386 verecundiae
1312 4338 1496 4384 meae
1557 4325 1822 4401 testem,
1887 4338 1996 4384 eos
2050 4319 2209 4384 mihi
2264 4319 2480 4385 subita
2537 4320 2955 4403 persuasione
3016 4318 3305 4383 fluxisse.
3401 4339 3550 4383 nam
3608 4320 3754 4402 quis
3813 4320 3931 4385 hos
3993 4320 4110 4387 diu

840 4424 1190 4508 cogitaret?
1249 4420 1420 4505 quod
1465 4440 1621 4486 sane
1667 4422 1793 4506 ipsi
1837 4442 1952 4507 per
1997 4442 2067 4488 se
2113 4422 2494 4507 probabunt.
2592 4423 2722 4488 fors
2768 4423 2942 4504 fuat,
2997 4429 3068 4488 ut
3112 4421 3169 4487 si
3212 4421 3369 4487 mihi
3414 4421 3548 4487 vita
3592 4429 3929 4507 suppetet,
3983 4424 4109 4489 ali-

1017 4702 1076 4752 15
1113 4704 1234 4750 Hor.
1278 4702 1437 4750 Carm.
1481 4704 1504 4749 1
1542 4700 1628 4761 23,
1670 4700 1701 4748 9
1727 4716 1802 4762 sq.
1844 4705 1986 4763 atqui
2022 4715 2121 4749 non
2158 4716 2248 4761 ego
2285 4709 2337 4750 te
2375 4704 2516 4763 tigris
2554 4708 2614 4749 ut
2650 4716 2826 4763 aspera
2865 4701 3172 4749 Gaetulusve
3207 4702 3285 4749 leo
3321 4702 3549 4761 frangere
3588 4716 3858 4764 persequor

1013 4790 1149 4837 XVI.
1194 4785 1250 4838 1.
1324 4789 1354 4837 8
1395 4789 1520 4837 Stat.
1568 4787 1690 4836 Silv.
1733 4790 1756 4835 1
1795 4789 1955 4837 Praef.
1998 4788 2026 4835 7
2067 4790 2235 4835 subito
2273 4789 2432 4837 calore
2474 4826 2483 4836 .
2520 4823 2532 4836 .
2565 4826 2575 4837 .
2619 4790 2881 4835 fluxerunt
3148 4786 3180 4834 9
3216 4788 3342 4835 ibid.
3384 4787 3449 4835 20
3486 4802 3789 4849 quamquam
3826 4790 3994 4846 timeo,
4039 4803 4104 4837 ne

840 4891 1015 4924 verum
1051 4877 1185 4924 istuc
1220 4889 1398 4924 versus
1433 4887 1632 4936 quoque
1667 4874 1768 4936 ipsi
1804 4875 1866 4922 de
1903 4888 1956 4922 se
1994 4877 2205 4936 probent

839 5035 1034 5042 Ἦμ-

1017 5135 1075 5184 15
1113 5142 1172 5184 ut
1206 5150 1303 5184 om.
1347 5151 1410 5196 ω,
1450 5133 1572 5182 add.
1617 5134 1662 5180 Ε
1884 5134 2040 5193 tygris
2083 5134 2125 5179 Τ
2344 5133 2400 5181 17
2441 5134 2619 5181 uultus
2662 5133 2704 5180 Τ
2924 5132 2985 5183 19
3022 5134 3306 5181 abscentiae
3350 5133 3393 5178 T
3613 5133 3671 5182 21
3716 5135 3965 5183 adstricta
4006 5134 4108 5181 ΤΜ

840 5222 905 5272 22
944 5224 1096 5270 iculis
1135 5227 1260 5270 οεοῦ
1305 5222 1443 5286 ΤχΕ,
1485 5222 1710 5269 oculisna
1746 5235 1858 5267 cum
1890 5220 1955 5281 Μ,
1999 5221 2235 5268 Iculisma
2272 5235 2387 5268 cum
2414 5222 2551 5269 Scal.
2766 5221 3135 5268 abscondentur
3160 5221 3201 5266 T
3406 5219 3470 5268 24
3508 5235 3628 5281 opes
3660 5222 3857 5269 Gronov
3882 5221 4033 5281 ‘volyo

840 5322 1188 5358 camoenarum
1219 5309 1260 5354 T
1471 5308 1535 5356 25
1574 5322 1663 5356 nos
1690 5309 1724 5368 1,
1754 5320 1856 5354 non
1883 5312 1970 5356 cet.
2004 5307 2064 5366 E,
2095 5320 2231 5354 nunc
2266 5304 2414 5354 Ven.⁴
2622 5305 2688 5353 29
2728 5308 2947 5367 suppino
2975 5306 3029 5353 M
3238 5311 3439 5370 pectore
3482 5307 3522 5352 T
3728 5307 3792 5356 30
3830 5309 4033 5356 consule
4062 5307 4104 5354 T

844 5394 903 5442 31
947 5399 1100 5455 teque
1125 5399 1374 5441 amantem
1402 5395 1442 5439 Τ
1579 5393 1643 5441 33
1683 5394 1900 5453 negligis
1927 5408 1968 5440 ω
2111 5393 2314 5453 fastigio
2341 5393 2541 5453 Evolyo
2683 5391 2744 5440 37
2774 5392 2834 5439 ad
2855 5406 2934 5440 me
2954 5393 3159 5453 peruola
3177 5407 3288 5440 cum
3313 5393 3552 5454 rescripto
3577 5393 3617 5438 Τ
3754 5392 3819 5441 38
3844 5395 4029 5442 scr-into
4052 5392 4108 5439 M

1018 5480 1158 5528 XVI.
1205 5477 1259 5530 l·
1332 5481 1588 5528 Ausonius
1625 5481 1779 5528 Probo
1813 5480 2068 5541 praefecto
2105 5482 2349 5542 praetorio
2408 5464 2540 5540 (pret
2573 5462 2703 5542 pref.
2748 5477 2826 5541 Μ)
2866 5480 2958 5525 sal.
3009 5478 3122 5540 (om.
3169 5477 3249 5541 Μ)
3290 5494 3331 5526 ω
3572 5477 3591 5526 1
3636 5487 3933 5540 consumpta
3973 5478 4102 5526 ΤΜυ

842 5566 873 5616 2
910 5567 1175 5629 appologos
1207 5567 1248 5613 Τ
1271 5567 1400 5627 (item
1419 5583 1469 5615 v.
1494 5567 1541 5628 3)
1723 5568 1896 5614 tiniam
1916 5565 1970 5612 Μ
2164 5566 2194 5614 3
2233 5568 2427 5613 cronica
2454 5565 2552 5612 ΤΜ
2722 5565 2754 5613 4
2791 5567 2893 5612 nisi
2922 5564 3013 5611 TE
3186 5565 3216 5613 5
3254 5566 3607 5626 appologorum
3633 5566 3675 5612 Τ
3844 5567 4026 5628 epodes
4049 5564 4108 5611 M

842 5653 874 5702 6
911 5653 1380 5716 impudentissimos
1417 5667 1482 5715 ω,
1523 5653 1969 5716 impudentissimo
1997 5666 2084 5712 ²90
2297 5653 2325 5700 7
2364 5653 2763 5700 beniuolentiam
2807 5652 2952 5710 Τηιυ,
2994 5652 3402 5700 benevolentiam
3440 5656 3530 5700 cet.
3747 5650 3778 5700 8
3817 5652 3907 5701 hoc
3934 5650 4097 5711 Luyd.

839 5743 981 5801 volvo
1189 5739 1221 5788 9
1255 5739 1420 5788 fuerat
1463 5739 1504 5785 Τ
1640 5743 1935 5801 suppeteret
1977 5738 2019 5784 Τ
