4630 6435
1961 472 2422 528 PROOEMIVM.
3630 474 3814 537 XVII

1384 696 1511 748 dem
1561 695 1771 748 mentio
1820 694 1936 748 fiat.
2013 712 2177 765 quam
2226 696 2300 750 ob
2344 712 2459 750 rem
2496 695 2617 749 veri
2651 695 2992 749 simillimum
3029 701 3118 749 est
3154 696 3667 763 Technopaegnion
3702 697 3813 749 iam

1384 780 1601 849 aliquot
1650 781 1811 833 annis
1857 786 1987 834 ante
2032 783 2320 835 conditum
2357 797 2424 834 ac
2460 781 2680 836 Paulini
2719 782 2940 835 nomine
2978 789 3232 836 ornatum
3270 799 3322 835 a.
3363 795 3674 834 coenxxxx
3713 782 3818 834 Pa-

1390 871 1517 918 cato
1557 866 1881 920 dedicatum
1921 883 2046 920 esse
2093 866 2182 929 (cf.
2223 868 2503 921 Brandes.
2545 868 2579 922 l.
2622 883 2670 923 c.
2712 885 2766 936 p.
2808 870 2874 919 62
2914 869 3042 922 adn.
3086 871 3132 929 5)

734 967 885 1019 inter
920 983 970 1020 a.
1012 981 1324 1021 ccccxxxx
1363 974 1421 1021 et
1457 982 1844 1022 cccnxxxxm
1882 972 2127 1038 scriptae
2165 977 2296 1025 sunt
2333 959 2616 1039 epistulae
2651 971 2849 1025 XXIII
2888 976 2946 1024 et
2983 971 3213 1025 XXIIII

730 1088 780 1122 a.
824 1084 1211 1123 cccnxxxxm
1253 1072 1500 1139 epistula
1536 1072 1718 1126 XXV.

2122 1505 2259 1577 III.

3841 1691 4025 1741 Quinam
4056 1704 4108 1733 ex
4138 1704 4212 1733 ae-

731 1707 999 1773 Ausonii
1043 1709 1356 1791 opuscula
1401 1708 1659 1792 quantis
1705 1710 2006 1775 laudibus
2053 1711 2135 1776 ab
2185 1712 2570 1794 aequalibus
2618 1712 2757 1776 eius
2804 1717 3030 1776 ornata
3075 1711 3232 1791 sint,
3299 1710 3527 1794 facile,
3596 1711 3649 1776 si
3707 1713 3810 1776 vel
3841 1745 4047 1794 (lumbus
4075 1746 4152 1784 ..ut

3844 1796 4162 1846 posterioribus

559 1828 763 1892 obiter
827 1827 1084 1892 libellos
1146 1829 1227 1892 ab
1290 1849 1365 1893 eo
1428 1830 1818 1914 conscriptos
1879 1831 2404 1916 perlustraveris,
2475 1832 2837 1914 intelleges.
2934 1851 3082 1895 nam
3142 1831 3299 1911 etsi,
3367 1839 3437 1896 ut
3494 1838 3632 1896 erat
3675 1830 3816 1895 eius
3846 1848 4138 1897 scriptoribus

3846 1898 4029 1938 Ausonii
4050 1899 4233 1949 eiusque

565 1948 798 2011 aetatis
859 1966 1032 2029 mOS,
1100 1947 1480 2033 saepissime
1544 1949 1821 2015 detraxit
1882 1950 1961 2014 de
2016 1950 2199 2014 libris
2245 1950 2415 2032 suiS,
2482 1951 2552 2015 id
2595 1972 2724 2016 non
2769 1951 2962 2015 aliam
3010 1951 3090 2016 ob
3137 1970 3399 2014 causam
3444 1950 3628 2033 fecit,
3695 1950 3817 2014 nisi
3845 1950 4233 2041 5332203302¹¹333

563 2074 631 2131 ut
692 2088 770 2133 ea
813 2088 881 2132 re
928 2089 1117 2151 quam
1165 2069 1479 2134 maximas
1525 2070 1792 2133 aliorum
1843 2070 2251 2135 laudationes
2296 2077 2693 2155 provocaret.
2788 2090 2866 2135 ac
2910 2070 3147 2135 scimus
3194 2070 3712 2136 Valentinianum
3757 2078 3823 2137 et

562 2185 938 2252 Gratianum
986 2189 1203 2270 magni
1248 2189 1694 2254 aestimavisse
1739 2190 2009 2255 Ausonii
2056 2196 2387 2274 poemata;
2450 2190 2856 2255 Theodosius
2902 2190 2965 2254 in
3013 2189 3292 2274 epistula
3337 2191 3422 2255 ad
3465 2191 3819 2256 Ausonium

560 2307 760 2372 missa
820 2328 1002 2389 eum,
1074 2314 1143 2373 ut
1187 2309 1309 2373 sibi
1357 2310 1640 2374 carmina
1685 2330 1802 2375 sua
1846 2311 2124 2393 legenda
2167 2311 2411 2392 mittat,
2480 2309 2732 2393 flagitat
2776 2331 2853 2375 ac
2898 2310 3106 2392 magis
3154 2310 3347 2375 etiam
3396 2330 3465 2375 se
3511 2330 3657 2375 eum
3703 2309 3821 2375 ad—

562 2426 777 2490 mirari
837 2426 993 2492 dicit
1054 2448 1246 2511 quam
1292 2429 1654 2512 Augustum
1719 2449 1999 2495 summos
2045 2430 2278 2495 aetatis
2327 2450 2481 2495 suae
2527 2436 2773 2515 poetaS.
2868 2430 2995 2495 iam
3044 2430 3199 2513 quid
3245 2430 3454 2495 dicam
3503 2429 3585 2495 de
3630 2430 3821 2513 Sym-

564 2546 823 2627 machO,
891 2548 1026 2613 viro
1086 2550 1140 2612 si
1202 2550 1347 2631 quis
1406 2551 1575 2615 alius
1636 2571 1715 2615 ea
1770 2556 1984 2615 aetate
2047 2549 2368 2615 litterato?
2442 2550 2699 2632 quantis
2753 2550 2864 2614 ille
2910 2550 3213 2615 laudibus
3260 2550 3513 2615 extollit
3554 2549 3821 2615 Ausonii

563 2666 926 2749 ingenium,
994 2674 1231 2751 artem,
1300 2670 1760 2752 eloquentiam!
1845 2689 1970 2734 non
2030 2669 2198 2735 enim
2262 2669 2516 2735 dubitat
2572 2669 2931 2735 Ausonium
2991 2690 3134 2735 cum
3181 2671 3441 2735 Marone
3501 2676 3566 2734 et
3608 2670 3822 2735 Tullio

563 2786 847 2851 conferre
906 2788 1113 2872 (epist.
1166 2790 1197 2853 Ι
1250 2794 1362 2871 14,
1419 2795 1492 2869 5ς
1550 2794 1617 2855 31
1655 2842 1669 2871 ,
1729 2791 1782 2873 1)
1838 2790 2319 2872 identidemque
2366 2796 2534 2871 orat,
2600 2796 2671 2854 ut
2714 2808 2879 2873 quae
2926 2810 3094 2856 nova
3138 2789 3495 2856 condiderit
3538 2790 3822 2856 carmina

563 2928 778 2973 secum
836 2911 1255 2976 communicet
1314 2913 1417 2976 vel
1478 2911 1641 2977 adeo
1705 2912 1935 2976 librum
1999 2911 2280 2993 aliquem
2342 2910 2466 2975 sibi
2525 2909 2783 2976 dedicet
2850 2911 3059 2996 (epist.
3110 2912 3140 2974 I
3192 2914 3305 2992 18,
3359 2932 3422 2995 p.
3482 2914 3579 2991 12,
3636 2915 3670 2973 7
3707 2911 3815 2975 S.:

570 3032 671 3109 31,
725 3032 763 3091 2
814 3035 880 3094 et
925 3031 1016 3110 3).
1112 3031 1496 3114 Symmacho
1554 3031 1720 3097 adde
1766 3031 2134 3110 Paulinum,
2207 3030 2315 3112 qui
2377 3031 2443 3095 in
2501 3030 2823 3114 prooemio
2881 3030 3194 3115 poematis
3255 3029 3336 3096 de
3382 3030 3644 3112 regibus
3689 3031 3824 3093 Au-

570 3147 732 3212 sonii
791 3148 1118 3233 ingenium
1178 3151 1442 3215 summis
1502 3151 1734 3216 extulit
1790 3151 2091 3216 laudibus
2147 3152 2242 3234 (Ε.
2295 3150 2547 3214 XVIIII
2594 3152 2676 3212 32
2709 3152 2875 3235 sqq.)
2929 3156 3123 3234 atque
3180 3150 3247 3215 in
3292 3151 3498 3214 altera
3545 3150 3824 3235 epistula

568 3269 651 3333 ad
699 3271 1047 3334 Ausonium
1095 3271 1295 3336 missa
1351 3275 1424 3354 (c.
1463 3273 1558 3335 XI
1594 3275 1672 3337 38
1707 3276 1827 3356 sq.)
1884 3272 2068 3336 illum
2114 3272 2340 3337 eodem
2386 3271 2578 3336 modo
2625 3291 2752 3353 quo
2798 3271 3221 3356 Symmachus
3267 3291 3410 3335 cum
3456 3272 3716 3335 Marone
3762 3275 3825 3335 et

565 3389 774 3453 Tullio
828 3390 1095 3456 contulit
1139 3391 1240 3455 his
1292 3411 1446 3456 usus
1493 3392 1743 3458 verbis:
1804 3392 1946 3456 ‘vix
1978 3393 2234 3457 Tullius
2282 3397 2347 3455 et
2376 3392 2552 3455 Maro
2598 3398 2809 3457 tecum
2855 3391 3213 3456 sustineant
3241 3392 3512 3474 aequale
3541 3391 3762 3473 iugum
3782 3393 3817 3454 '.

567 3516 764 3592 atque
819 3517 890 3575 ut
937 3510 1365 3594 Symmachus
1426 3519 1489 3577 et
1533 3511 1845 3578 Paulinus
1905 3512 2122 3576 multis
2182 3512 2341 3576 locis
2399 3512 2699 3577 flosculos
2760 3532 2839 3576 ex
2885 3511 3153 3576 Ausonii
3209 3511 3447 3577 libellis
3506 3510 3824 3577 delibatos

567 3629 630 3693 in
694 3650 876 3695 usum
942 3650 1125 3695 suum
1188 3639 1668 3716 converterunt,
1736 3633 1827 3698 ita
1883 3632 2311 3698 Claudianum
2374 3638 2440 3696 et
2482 3631 2790 3696 Rutilium
2838 3631 3294 3696 Namatianum
3342 3631 3608 3695 Ausonii
3667 3650 3824 3714 poe-

570 3758 743 3814 mata
802 3750 1193 3816 lectitavisse
1253 3773 1328 3818 ac
1384 3751 1540 3817 locis
1585 3752 1971 3835 quibusdam
2016 3752 2297 3816 imitatos
2345 3770 2489 3815 esse
2535 3757 2806 3816 constat.
2903 3752 3018 3816 sed
3063 3751 3129 3815 in
3174 3750 3340 3816 hanc
3383 3771 3514 3816 rem
3561 3769 3826 3815 accura-

572 3870 698 3934 tius
755 3870 1082 3954 inquirant
1138 3872 1284 3950 alii;
1353 3893 1473 3955 ego
1533 3873 1704 3938 locos
1765 3874 1905 3939 eius
1967 3873 2177 3953 modi,
2245 3871 2356 3953 qui
2402 3870 2562 3935 mihi
2608 3871 2832 3956 horum
2878 3879 3209 3956 poetarum
3256 3871 3540 3936 carmina
3584 3869 3825 3952 legenti

571 3997 1011 4072 occurrerunt,
1076 3991 1144 4056 in
1202 3994 1672 4058 commentariis
1727 4000 1791 4059 et
1854 3993 1922 4057 in
1964 3991 2176 4058 indice
2222 3992 2426 4077 primo
2473 3991 2857 4074 significavi.
2955 3991 3231 4075 denique
3276 3992 3397 4056 hoc
3456 3991 3594 4055 loco
3654 4009 3824 4054 com-

570 4111 965 4176 memorandi
1013 4118 1161 4177 sunt
1204 4111 1513 4178 Sidonius
1559 4113 1982 4198 Apollinaris,
2037 4113 2146 4197 qui
2191 4112 2570 4192 Ausonium,
2626 4113 3000 4196 popularem
3048 4131 3255 4193 suum,
3309 4111 3572 4175 summis
3619 4109 3824 4193 poetis

569 4230 939 4297 adscribere
987 4252 1112 4296 non
1157 4231 1478 4298 dubitavit
1530 4234 1632 4315 (cf.
1678 4235 1863 4319 epist.
1917 4234 2046 4298 1111
2088 4237 2164 4296 14
2211 4232 2296 4297 ad
2342 4231 2728 4296 Polemium:
2790 4235 2976 4296 ‘nam
3020 4240 3269 4298 tuorum
3316 4229 3629 4315 pueritiae
3675 4248 3825 4294 con-

574 4358 839 4432 paratus
885 4372 1010 4416 non
1057 4352 1262 4416 solum
1309 4352 1640 4417 Cornelios
1686 4361 2001 4436 oratores,
2070 4352 2186 4418 sed
2232 4352 2555 4417 Ausonios
2600 4372 2849 4435 quoque
2895 4359 3118 4437 poetas
3164 4351 3418 4416 vincere
3463 4349 3694 4434 potes')
3749 4368 3827 4412 ac

569 4471 1008 4555 compluribus
1054 4471 1209 4536 locis
1255 4473 1524 4537 Ausonii
1571 4473 1854 4538 carmina
1897 4472 2207 4537 imitando
2252 4471 2608 4556 expressit,
2660 4471 3030 4554 Ennodius,
3084 4472 3265 4536 cuius
3312 4470 3377 4535 in
3423 4468 3717 4554 epistulis
3763 4476 3827 4533 et

568 4591 957 4656 carminibus
1023 4598 1197 4657 certa
1256 4593 1574 4674 quaedam
1635 4594 1773 4659 eius
1829 4592 2204 4657 imitationis
2249 4589 2662 4656 inveniuntur
2707 4591 3013 4674 vestigia,
3085 4590 3499 4675 FulgentiuS,
3570 4588 3652 4654 de
3698 4608 3823 4670 quo

567 4711 733 4776 infra
775 4711 1138 4777 accuratius
1183 4711 1617 4797 disputabitur
1640 4716 1712 4796 ¹).

742 4831 1036 4896 Saeculis
1081 4832 1387 4916 proximis
1434 4832 1789 4914 neminem,
1857 4832 1965 4914 qui
2010 4831 2278 4896 Ausonii
2325 4831 2712 4897 mentionem
2757 4830 3015 4911 fecerit,
3072 4835 3463 4913 compertum
3509 4828 3824 4893 habemus

572 4958 823 5035 praeter
853 4952 1363 5034 grammaticum,
1403 4953 1512 5033 qui
1544 4953 1774 5018 librum
1808 4952 1889 5016 de
1922 4951 2135 5016 dubiis
2166 4951 2529 5016 nominibus
2578 4951 2685 5033 (cf.
2723 4951 2896 5016 Keil.
2936 4950 3220 5015 Gramm.
3260 4950 3373 5014 lat.
3411 4949 3467 5011 V
3500 4952 3613 5012 571
3650 4950 3814 5029 sqq.)

574 5071 970 5155 conscripsit.
1075 5071 1243 5136 hunc
1307 5071 1536 5136 librum
1600 5094 1725 5139 non
1784 5080 1935 5137 ante
1999 5072 2330 5136 saeculum
2393 5071 2732 5154 septimum
2793 5070 3075 5135 medium
3137 5077 3342 5134 ortum
3403 5088 3549 5134 esse
3610 5088 3690 5133 ex
3750 5087 3826 5131 eo

570 5192 910 5275 colligitur,
964 5191 1135 5275 quod
1180 5213 1290 5277 pp.
1330 5196 1477 5274 582,
1522 5195 1622 5256 19.
1662 5195 1808 5275 588,
1857 5197 1955 5256 14.
1995 5195 2141 5276 589,
2182 5197 2286 5256 30.
2326 5195 2472 5274 593,
2513 5198 2549 5254 5
2597 5192 2723 5257 loci
2767 5191 3028 5273 quidam
3074 5189 3300 5256 Isidori
3349 5197 3413 5254 et
3457 5187 3814 5271 Venanti12)

748 5505 790 5566 1)
835 5506 1055 5566 Sidonii,
1111 5506 1360 5568 Ennodii‚
1413 5506 1666 5566 Fulgentii
1716 5507 1845 5554 locos
1883 5508 1936 5553 in
1973 5506 2342 5553 commentariis
2378 5510 2430 5552 et
2467 5505 2631 5552 indice
2671 5505 2824 5565 primo
2862 5504 3254 5551 commemoravi.
3333 5507 3553 5549 ceterum
3593 5515 3691 5549 non
3729 5501 3824 5547 du-

573 5591 690 5651 bito,
731 5593 872 5654 quin,
914 5593 960 5638 si
998 5593 1114 5651 quis
1151 5593 1431 5640 accuratius
1471 5591 1664 5640 Sidonii
1700 5594 1945 5653 epistulas
1980 5599 2031 5638 et
2068 5593 2286 5639 carmina
2324 5592 2622 5651 inspexerit,
2667 5590 2837 5652 plures
2873 5590 2987 5637 eius
3025 5589 3155 5637 modi
3197 5590 3324 5635 locos
3365 5590 3664 5636 inventurus
3702 5588 3784 5635 slt.

744 5677 789 5737 2)
836 5679 978 5725 nulla
1028 5691 1120 5736 ego
1171 5679 1222 5724 in
1262 5678 1500 5725 venantii
1550 5678 1861 5726 carminibus
1909 5678 2210 5725 imitationis
2248 5678 2460 5723 Ausonii
2513 5677 2708 5737 repperi
2763 5677 2988 5732 vestigia.
3068 5676 3152 5721 scd
3199 5681 3256 5720 ut
3292 5674 3587 5730 diligentius
3625 5675 3676 5719 in
3715 5686 3822 5718 eam

573 5776 674 5809 rem
712 5765 1016 5824 inquiratur,
1057 5778 1206 5824 quam
1249 5766 1461 5810 maxime
1499 5778 1623 5824 opus
1662 5779 1772 5812 esse
1812 5764 2031 5811 videtur.

726 5865 971 5904 Avsomvs.
3383 5877 3410 5911 c
