4630 6435
790 456 870 517 72
2270 448 2583 506 AVSONII

1928 770 2203 868 XVII.
2286 770 2913 867 EPITAPHIA.

1725 966 2258 1032 1 Avsos1vs
2303 966 2676 1032 an'rom
2721 967 2882 1033 svo
2929 965 3113 1032 SAL.

954 1123 1058 1188 Ad
1102 1143 1233 1187 rem
1282 1121 1606 1206 pertinere
1652 1120 2048 1201 existimavi,
2122 1128 2191 1187 ut
2233 1122 2340 1186 vel
2384 1142 2621 1187 vanum
2668 1122 3050 1205 opusculum
3101 1122 3413 1189 materiae
3458 1123 3872 1207 congruentis
3918 1125 4036 1189 ab-
4074 1133 4173 1182 217

785 1228 1100 1293 solverem
1146 1235 1211 1290 et
1254 1224 1497 1307 libello,
1550 1224 1661 1307 qui
1708 1224 2375 1290 commemorationem
2419 1225 2619 1290 habet
2662 1245 2906 1305 eorum,
2958 1223 3066 1307 qui
3115 1225 3220 1290 vel
3265 1226 3592 1310 peregrini
3626 1207 4105 1312 <Burdigalae
4093 1204 4181 1265 ι)

784 1331 919 1414 vel>
968 1328 1472 1410 Burdigalenses
1531 1347 1803 1412 peregre
1860 1327 2242 1407 docuerunt,
2309 1326 2662 1412 Epitaphia
2722 1328 3204 1410 subnecterem,
3275 1328 3525 1395 scilicet
3565 1329 3786 1396 titulos
3833 1331 4055 1416 sepul-

784 1435 989 1498 crales
1055 1433 1354 1514 heroum,
1429 1430 1539 1512 qui
1598 1431 1770 1495 helio
1828 1429 2055 1496 Troico
2112 1430 2560 1496 interfuerunt.
2670 1450 2838 1513 quae
2898 1430 3167 1514 antiqua
3228 1451 3374 1496 cum
3431 1440 3590 1518 aput
3648 1433 4049 1518 philologum

783 1535 1104 1619 quendam
1151 1534 1619 1619 repperissem,
1673 1533 1870 1597 latino
1916 1552 2209 1598 sermone
2256 1534 2573 1614 converti,
2626 1553 2751 1599 non
2798 1539 2869 1598 ut
2910 1533 3298 1601 inservirent
3340 1535 3546 1601 ordini
3591 1536 4040 1622 persequendi,
4091 1558 4118 1597 ε.

786 1647 885 1704 set
931 1648 1000 1704 ut
1043 1639 1467 1704 cohaererent
1510 1637 1712 1702 libere
1755 1656 1876 1701 nec
1921 1636 2311 1702 aberrarent.

2051 1877 2113 1943 2.
2169 1876 2780 1942 AGAMEMNONI.

1461 2033 1598 2097 Rex
1645 2051 1868 2113 regum
1915 2030 2207 2112 Atrides,
2264 2030 2588 2096 fraternae
2636 2031 2930 2115 coniugis
2978 2033 3174 2113 ultor,
3849 2053 3949 2102 218
3997 2058 4053 2115 21>

1631 2133 1875 2219 oppetii
1919 2134 2215 2199 manibus
2260 2133 2553 2217 coniugis
2597 2135 2738 2218 ipse
2783 2155 2990 2200 meae.

1458 2239 1614 2322 quid
1658 2237 1921 2322 prodest
1966 2238 2251 2303 Helenes
2295 2244 2550 2321 raptum
2594 2237 2860 2322 punisse
2905 2238 3228 2305 dolentem
3250 2289 3265 2319 ,

1631 2340 1952 2407 vindicem
1996 2339 2299 2406 adulterii
2346 2360 2490 2406 cum
2537 2341 2969 2425 Clytemestra
3011 2348 3238 2408 necet?

2133 2580 2198 2646 3.
2257 2580 2696 2647 MENELAO.

1460 2735 1646 2801 Felix
1692 2755 1729 2802 o
1773 2735 2104 2815 Menelae‚
2156 2735 2349 2800 deum
2395 2735 2500 2800 cui
2544 2735 2767 2801 debita
2810 2734 3004 2802 sedes
3814 2759 3913 2809 219
3958 2763 4044 2819 (11)

1633 2838 2088 2922 decretumque
2134 2837 2260 2923 piis
2306 2838 2607 2904 manibus
2654 2838 2948 2922 Elysium
2972 2891 2987 2921 ‚

1461 2941 1803 3025 Tyndareo
1850 2941 2086 3007 dilecte
2130 2961 2367 3024 gener,
2421 2940 2656 3007 dilecte
2700 2942 3013 3022 Tonanti,

1631 3043 1913 3127 coniugii
1957 3044 2197 3109 vindex
2220 3096 2235 3127 ,
2289 3044 2456 3109 ultor
2500 3043 2831 3125 adulterii,

1325 3172 1349 3209 5
1457 3156 1717 3213 aeterno
1760 3147 2014 3233 pollens
2058 3167 2220 3212 aevo
2264 3153 2654 3231 aeternaque
2698 3147 2964 3213 iuventa

1631 3272 1751 3317 nec
1793 3250 1904 3317 leti
1952 3270 2184 3335 passus
2229 3257 2522 3335 tempora
2566 3271 2688 3317 nec
2733 3250 2919 3317 senii.

2216 3490 2283 3556 4.
2344 3490 2607 3557 AIACI.

1456 3646 1674 3712 Aiacis
1717 3645 1962 3710 tumulo
2007 3644 2248 3729 pariter
2289 3651 2475 3728 tegor
2518 3646 2746 3711 obruta
2792 3645 3040 3727 Virtus,
3791 3670 3891 3721 220
3934 3674 4057 3733 (111)

1629 3748 2043 3814 inlacrimans
2088 3746 2295 3814 bustis
2341 3747 2586 3813 funeris
2629 3747 2776 3833 ipsa
2820 3747 2977 3829 mei,

957 4034 1121 4082 XVII.
1165 4027 1225 4082 2.
1298 4028 1587 4079 Aristotelis
1619 4026 1769 4088 ⁴Pepli
1805 4041 1846 4076 c.
1895 4026 1916 4074 1
1959 4026 2017 4076 B.
2058 4017 2178 4077 Ἐπὶ
2205 4018 2615 4092 Ἀγαμέμνονος,
2654 4022 2895 4092 κειμένου
2933 4024 2986 4077 ἐν
3023 4020 3324 4095 Μυκήναιςι

1611 4109 1850 4168 Λεύσσεις
1888 4103 2157 4179 Ἀτρείὸεω
2193 4103 2597 4180 Ἀγαμέμνονος,
2640 4112 2683 4162 ὦ
2721 4108 2847 4171 ξένε,
2887 4109 3102 4180 τύμβον,

1749 4195 1803 4254 ὃς
1839 4192 1953 4248 δείν’
1987 4193 2071 4247 ὑπ’
2108 4192 2355 4266 Αἰγίσθου
2391 4194 2712 4266 κούλομένης
2747 4195 2941 4268 ἀλόχου
2986 4200 3067 4261 (cf.
3108 4214 3153 4248 c.
3199 4199 3275 4261 2).

789 4295 807 4343 1
853 4297 954 4342 Oic.
1000 4292 1060 4340 ad
1100 4293 1217 4339 fam.
1259 4289 1408 4336 V1111
1453 4286 1532 4345 14,
1574 4284 1604 4334 2
1642 4285 2019 4344 Agamemnoni,
2059 4297 2235 4343 regum
2271 4285 2379 4343 regi

957 4375 1016 4428 3.
1089 4376 1233 4438 Pepl.
1275 4373 1325 4422 3.
1366 4368 1485 4424 Ἐπὶ
1521 4366 1823 4422 Μενελάους

1601 4445 1833 4523 Ὄλβιος,
1874 4456 1917 4506 ὦ
1954 4450 2208 4514 Μενέλαε,
2251 4452 2309 4504 σύ
2346 4458 2390 4506 τ’
2424 4451 2681 4512 ἀθάνατος
2716 4453 2805 4506 καὶ
2841 4452 3050 4524 ἀγήρως

1753 4539 1807 4591 ἐν
1847 4540 2094 4609 μακάρων
2128 4540 2325 4608 νήσοις.
2364 4540 2564 4611 γαμβρὲ
2601 4537 2717 4598 Διὸς
2754 4540 2998 4610 μεγάλου.

959 4635 1018 4687 4.
1093 4635 1231 4696 Pepl.
1275 4633 1321 4682 7.
1367 4626 1484 4682 Ἐπὶ
1523 4625 1743 4685 Αἴαντος
1778 4632 1869 4679 τοῦ
1907 4623 2273 4694 Τελαμωνίουε

1599 4707 1714 4767 'AB’
1754 4713 1856 4782 ἐγὼ
1892 4712 1926 4765 ἁ
1960 4711 2173 4780 τλάμων
2210 4709 2397 4781 Ἀρετὰ
2431 4713 2569 4782 παρὰ
2602 4712 2731 4782 τῷδε
2768 4710 3006 4782 κάθημαι

1749 4794 1964 4856 Αἴαντος
1999 4797 2179 4867 τύμβῳ
2216 4798 2494 4866 κειρομένα
2530 4797 2849 4866 πλοκάμους,

1613 4884 1778 4954 θυμὸν
1816 4884 1931 4956 ἄχει
1970 4884 2177 4956 μεγάλῳ
2219 4882 2527 4953 βεβλημένοι,
2567 4883 2710 4955 εἴπερ
2747 4882 2985 4957 Ἀχαιοῖς

1750 4971 1784 5024 ἁ
1821 4969 2087 5042 δολόφρων
2123 4967 2327 5024 Ἀπάτα
2360 4973 2574 5040 κρέσσον
2614 4970 2742 5039 ἐμοῦ
2778 4971 3028 5042 κέκριται.

960 5238 1128 5285 XVII.
1205 5235 1479 5297 Epitaphia
1515 5247 1615 5282 om.
1667 5234 1707 5280 V
1913 5228 1972 5282 1.
2045 5232 2259 5279 salutem
2304 5232 2346 5278 V
2384 5231 2630 5295 (Epistola
2664 5231 2784 5280 add.
2823 5247 2893 5281 m.
2931 5246 3065 5293 ηας
3106 5234 3254 5280 Prosa
3291 5236 3346 5281 in
3381 5250 3482 5294 my.
3523 5231 3613 5296 m²)
3850 5237 3879 5284 2
3920 5238 4053 5284 Bur-

786 5325 978 5383 digalae
1015 5325 1093 5370 vel
1131 5323 1219 5385 qui
1256 5321 1373 5370 add.
1424 5322 1556 5381 Vin„
1600 5318 2051 5376 Burdigalensesve
2091 5318 2388 5378 Burdigalae
2428 5320 2504 5366 vel
2542 5317 2659 5366 add.
2704 5318 2975 5367 Mommsen
3243 5319 3274 5368 3
3312 5315 3680 5379 burdigalensis
3731 5321 3770 5368 V
3807 5323 3852 5381 (e
3887 5320 3980 5381 m2)

788 5410 1079 5472 ephitapbia
1125 5410 1165 5456 V
1371 5394 1710 5468 sepulch¹ales
1755 5404 1796 5452 V
1837 5407 1877 5464 (r
1911 5400 1998 5464 m2)
2234 5403 2266 5451 4
2300 5409 2424 5463 aput
2468 5403 2509 5448 V
2547 5404 2591 5464 (d
2629 5401 2721 5466 m2)
2953 5404 2983 5453 5
3021 5406 3322 5453 inseruirem
3370 5407 3421 5468 V,
3466 5407 3776 5455 inservirent
3812 5407 3977 5467 Luyd.

788 5498 977 5546 ordinis
1025 5498 1078 5554 V,
1120 5495 1286 5542 ordini
1325 5494 1459 5542 Scal.
1674 5490 1705 5538 6
1742 5490 2022 5539 cohererem
2063 5527 2074 5539 .
2109 5525 2121 5538 .
2156 5526 2167 5538 .
2208 5492 2486 5538 aberrarem
2536 5492 2576 5536 V
2607 5505 2730 5539 corr.
2776 5489 2938 5549 Luyd.

960 5577 1021 5632 2.
1094 5582 1126 5630 4
1165 5582 1502 5628 clitemestera
1549 5577 1589 5621 V
1621 5591 1744 5625 corr.
1788 5575 2012 5636 Souchay

961 5664 1021 5718 3.
1102 5667 1120 5716 l
1164 5667 1360 5713 menele
1409 5664 1449 5710 V
1486 5665 1552 5726 (le
1587 5659 1677 5718 112²)
1894 5661 1924 5709 2
1962 5650 2223 5709 ma'nibus
2268 5662 2308 5707 V
2346 5662 2391 5724 (e
2426 5659 2517 5718 m2)
2735 5661 2765 5708 5
2801 5667 3005 5711 aeterna
3049 5662 3092 5709 V
3133 5662 3273 5726 (corr.
3316 5660 3403 5722 m2)

961 5751 1020 5803 4.
1099 5752 1120 5800 1
1161 5753 1312 5800 aiacis
1359 5751 1401 5796 V
1439 5751 1527 5810 (isc
1563 5745 1638 5796 m²
1674 5751 1729 5796 in
1763 5749 1883 5809 ras.)
2098 5743 2280 5796 timulo
2330 5748 2370 5794 V
2411 5748 2455 5809 (v
2492 5745 2580 5808 m2,·
