4630 6435
1505 439 1995 496 PARENTALIA
2043 443 2210 504 (XV).
2287 442 2803 499 PROFESSORES
2849 445 3044 503 (XVI).
3823 452 3907 511 55

1183 652 1209 691 ⁵
1315 628 1539 694 invida
1583 636 1685 695 set
1727 629 1994 695 nimium
2038 632 2347 697 Lachesis
2390 639 2732 717 properata
2777 633 3028 716 peregit

1491 741 1783 819 tempora
1828 742 1892 800 et
1935 736 2021 801 ad
2067 756 2291 802 manes
2338 736 2565 802 funera
2608 738 2843 802 acerba
2888 736 3089 802 dedit.

1316 838 1677 921 praemissa
1721 857 1872 922 ergo
1923 839 2066 904 vale
2113 859 2463 923 manesque
2509 860 2730 906 verere
2777 849 3143 924 parentum,

1489 942 1597 1024 qui
1643 942 1882 1007 maiore
1926 963 2087 1008 aevo
2132 943 2372 1025 quique
2417 943 2662 1009 minore
2707 945 2906 1009 venit.

947 1215 1060 1281 32.
1106 1215 1547 1283 POMPONIA
1593 1217 1905 1283 VRBICA
1953 1217 2454 1283 CONSOCRVS
2500 1218 2735 1284 VXOR
2781 1219 3113 1284 IVLIANI
3159 1220 3597 1286 CENSORIS.

1317 1390 1399 1455 Vt
1444 1389 1702 1473 generis
1746 1390 1938 1471 clari,
1994 1397 2281 1455 veterum
2330 1390 2424 1454 sic
2468 1389 2709 1455 femina
2752 1412 2995 1457 morum
3581 1414 3673 1460 iso
3718 1414 3903 1475 (xxx)

1488 1493 1756 1573 Vrbica,
1813 1493 2111 1557 Censoris
2158 1493 2497 1558 nobilitata
2542 1502 2714 1573 toro,

1311 1596 1619 1679 ingenitis
1663 1597 1915 1681 pollens
1961 1597 2303 1661 virtutibus
2349 1604 2666 1680 auctaque
2712 1605 2776 1662 et
2819 1598 2993 1680 illis,

1486 1719 1648 1782 quas
1695 1699 1913 1765 docuit
1958 1699 2271 1781 coniunX,
2324 1720 2486 1782 quas
2531 1708 2716 1784 pater
2760 1709 2824 1767 et
2868 1702 3199 1785 genetrix:

1181 1823 1207 1861 ⁵
1315 1822 1477 1886 quas
1523 1801 1749 1867 habuit
1792 1803 2150 1885 Tanaquil,
2205 1822 2367 1885 quas
2412 1803 2827 1888 Pythagorea
2871 1806 3171 1885 Theano,

1486 1926 1780 1989 quaeque
1826 1906 1965 1971 sine
2012 1908 2307 1991 exemplo
2352 1906 2418 1971 in
2465 1908 2606 1972 vice
2652 1907 2876 1973 functa
2920 1909 3061 1973 viri.

1315 2018 1379 2076 et
1420 2010 1536 2075 tibi
1585 2010 1704 2095 (si)
1753 2009 1957 2075 fatum
2003 2010 2095 2076 sic
2142 2017 2506 2094 permutare
2554 2011 2875 2094 dedisset,

1486 2113 1732 2180 viveret
1777 2115 1898 2179 hoc
1940 2122 2157 2179 nostro
2201 2121 2487 2199 tempore
2535 2115 2780 2180 Censor
2823 2114 3056 2180 adhuc.

1315 2225 1412 2283 set
1457 2238 1664 2300 neque
1710 2225 1778 2283 tu
1825 2217 2022 2282 viduo
2070 2218 2332 2300 longum
2381 2218 2662 2282 cruciata
2709 2219 2828 2283 sub
2876 2239 3038 2285 aevo

1147 2339 1203 2378 ιο
1486 2320 1775 2405 protinus
1821 2326 2038 2404 optato
2083 2320 2209 2384 fine
2255 2327 2477 2385 secuta
2521 2319 2748 2386 virum.

1314 2444 1530 2488 annua
1573 2443 1744 2488 nunc
1786 2422 2050 2488 maestis
2096 2422 2361 2488 ferimus
2407 2424 2521 2489 tibi
2566 2424 2739 2489 iusta
2782 2425 3120 2507 querellis,

1486 2547 1628 2592 cum
1676 2546 1914 2608 genero
1960 2533 2024 2592 et
2066 2527 2236 2592 natis
2282 2546 2585 2592 consocer
2628 2528 2973 2593 Ausonius.

1258 3002 1491 3101 XVI.
1573 3001 2441 3099 COMMEMORATIO
2506 3001 3290 3101 PROFESSOBVM

1797 3200 2747 3277 BVRDIGALENSIVM.

1961 3371 2025 3438 l.
2073 3373 2580 3439 PRAEFATIO.

1314 3528 1442 3592 Vos
1489 3528 1719 3608 etiam,
1772 3549 1931 3610 quos
1977 3530 2158 3594 nulla
2203 3530 2361 3593 mihi
2409 3530 2705 3612 cognatio
2751 3530 2991 3609 iunxit,
3810 3551 3905 3599 190

1487 3640 1586 3698 set
1631 3631 1808 3696 fama
1850 3640 1915 3698 et
1961 3653 2149 3698 carae
2196 3632 2451 3715 relligio
2498 3633 2744 3716 patriae
3813 3639 3898 3696 (V)

1314 3744 1379 3800 et
1425 3736 1706 3801 studium
1755 3736 1821 3800 in
1868 3737 2049 3802 libris
2096 3745 2160 3802 et
2206 3736 2436 3801 sedula
2482 3757 2635 3802 cura
2679 3737 2987 3818 docendi,

1485 3841 1992 3905 commemorabo
2039 3841 2211 3904 viros
2256 3847 2457 3905 morte
2503 3840 2677 3906 obita
2720 3841 3030 3905 celebres.

1179 3964 1205 4001 o
1312 3941 1442 4005 fors
1489 3942 1639 4021 erit,
1696 3950 1764 4007 ut
1810 3951 2058 4008 nostros
2106 3963 2329 4008 manes
2376 3944 2468 4008 sic
2514 3943 2776 4009 adserat
2819 3944 3006 4024 olim,

1485 4046 1782 4130 exemplo
1830 4046 2044 4131 cupiet
2091 4048 2200 4128 qui
2246 4047 2392 4131 pius
2438 4065 2583 4112 esse
2630 4067 2793 4111 meo.

1365 4321 1430 4385 2.
1478 4322 1878 4386 TIBERIVS
1924 4323 2241 4388 VICTOR
2285 4322 2757 4389 MINERVIVS
2804 4324 3167 4390 ORATOR.

1311 4477 1561 4542 Primus
1606 4477 1998 4561 Burdigalae
2045 4479 2338 4543 columen
2386 4478 2632 4558 dicere,
2690 4479 2993 4560 Minervi,
3699 4500 3786 4548 191
3835 4502 3894 4560 (¹)

1481 4581 1646 4646 alter
1691 4581 2042 4647 rhetoricae
2091 4581 2486 4659 Quintiliane
2532 4590 2744 4666 togae.

1308 4685 1613 4750 inlustres
1659 4685 1977 4767 quondam
2025 4705 2150 4768 quo
2196 4693 2612 4770 praeceptore
2660 4686 2917 4752 fuerunt

1482 4789 2099 4873 Constantinopolis,
2157 4789 2393 4864 Roma,
2451 4790 2683 4855 dehinc
2728 4791 2968 4874 patria,

810 5068 950 5114 xvi.
992 5062 1052 5116 2.
1123 5068 1154 5116 2
1193 5068 1341 5116 Mart.
1383 5070 1432 5115 11
1471 5069 1556 5129 90,
1601 5067 1630 5114 2
1668 5068 1821 5126 gloria
1862 5069 2126 5127 Romanae,
2169 5069 2500 5129 Quintiliane,
2545 5077 2687 5127 togae

806 5325 837 5372 5
879 5327 1054 5373 lacesis
1103 5327 1140 5373 V
1347 5326 1378 5375 8
1416 5317 1595 5388 qvinq⁵
1648 5327 1684 5372 V
1716 5340 1842 5375 corr.
1885 5326 2049 5386 Luyd.

805 5404 908 5460 32.
982 5394 1199 5474 Ρὸριυίι
1247 5415 1287 5460 V
1527 5414 1558 5461 4
1596 5415 1744 5460 coiux
1791 5414 1831 5459 V
2068 5415 2097 5461 5
2137 5414 2459 5475 phithagorea
2507 5415 2546 5460 V
2585 5416 2633 5472 (h
2668 5431 2745 5476 pr.
2789 5430 2845 5463 ea:
2882 5418 2911 5462 b
2948 5414 3036 5476 m'2)
3277 5415 3309 5464 6
3347 5418 3581 5478 exemplo
3618 5425 3695 5464 est
3741 5416 3891 5475 Luyd.

619 5500 773 5557 volyo
986 5512 1105 5546 nece
1155 5499 1206 5560 V,
1253 5502 1361 5548 viee
1398 5515 1484 5560 τρο
1713 5498 1740 5546 7
1781 5502 1821 5547 si
1859 5499 1978 5548 add.
2021 5499 2184 5560 Luyd.
2416 5499 2446 5548 8
2484 5480 2642 5549 adhuc
2690 5503 2729 5548 V
2768 5503 2816 5562 (h
2855 5499 2945 5561 vri-'5
3179 5504 3210 5549 9
3247 5503 3397 5549 biduo
3447 5504 3485 5548 V
3711 5503 3770 5551 10
3807 5507 3897 5550 ob-

620 5591 733 5633 tato
786 5584 823 5630 V
1029 5575 1235 5645 seqvuts
1283 5587 1322 5634 V
1525 5585 1738 5645 sortus-§c
1777 5587 1938 5633 virum
1978 5601 2031 5633 es
2243 5588 2458 5635 Finiunt
2496 5589 2749 5648 parentela
2798 5588 2838 5635 V
2873 5588 2957 5646 (m.
3000 5593 3105 5635 ane.
3147 5590 3201 5633 in
3236 5593 3358 5649 my.)

804 5670 947 5718 XVI.
1026 5670 1193 5734 lneifit
1229 5673 1626 5719 commemoratio
1663 5677 1750 5720 etc.
1808 5673 1846 5718 V
2054 5669 2112 5722 1.
2189 5674 2216 5720 2
2256 5674 2428 5732 religio
2472 5674 2513 5719 V

803 5751 866 5807 2.
940 5757 1235 5805 Miner-ibitis
1283 5759 1324 5805 V
1529 5757 1559 5804 2
1597 5759 1840 5806 rethorice
1888 5758 1925 5804 V
