4630 6435
848 462 928 523 28
2324 458 2634 517 AVSONII

845 652 912 717 in
959 656 1245 734 tempora
1291 650 1417 715 ista
1461 649 1861 733 procederae,
1913 649 1978 713 iu
2024 656 2238 716 nostro
2271 649 2584 716 Gratiano
2616 670 2933 729 cerneres,
2986 652 3156 733 quod
3187 652 3253 716 in
3285 652 3451 736 Cyro
3484 660 3592 718 tuo
3640 673 3764 717 non
3812 653 4093 734 videras,

850 755 966 820 sed
997 754 1288 838 optabas,
1364 757 1468 817 70.
1519 759 1710 835 atque
1740 752 1869 818 ista
1900 752 2132 835 omnia,
2172 774 2341 836 quae
2373 755 2627 837 punctis
2659 754 3046 836 quibusdam
3077 755 3442 821 acuminata
3473 755 3751 839 signavi,
3792 756 3846 821 si
3880 756 4105 821 facuu-
4147 775 4207 814 ιθ

850 859 961 923 dia
1003 878 1116 942 pro
1163 858 1490 921 voluntate
1539 863 1927 941 suppeteret,
1980 877 2368 940 quamquam
2414 878 2538 922 non
2570 858 2865 941 copiosus
2898 878 3269 941 exequerer,
3324 859 3680 925 ubertatem
3716 860 3864 925 stilo
3894 880 4104 926 rerum

852 960 1294 1045 magnitudine
1342 967 1763 1043 suggerente:
1820 958 1938 1025 sed
1983 980 2102 1026 nec
2145 960 2340 1025 huius
2386 960 2515 1026 diei
2560 981 2679 1027 nec
2723 960 2914 1025 huius
2958 960 3085 1025 ista
3129 961 3461 1026 materiae.
3543 963 3653 1044 qui
3686 962 3916 1028 dicturi
3947 962 4103 1029 estis

850 1065 1078 1131 laudes
1125 1063 1434 1149 principis
1479 1063 1713 1145 nostri,
1781 1063 2036 1129 habetis
2096 1065 2275 1129 velut
2322 1064 2769 1145 seminarium,
2840 1063 3009 1130 unde
3071 1065 3425 1130 orationum
3480 1073 3834 1131 vestrarum
3880 1067 4106 1150 iugera

850 1167 1258 1253 compleatis:
1314 1188 1436 1251 ego
1481 1167 1607 1232 ista
1650 1166 1996 1251 perstrinxi
2042 1175 2270 1250 atque,
2340 1174 2412 1233 ut
2456 1168 2667 1233 sciunt
2712 1187 2968 1251 omnes,
3036 1189 3297 1252 possum
3352 1169 3560 1235 videri
3606 1169 3945 1234 familiaris
3990 1191 4106 1234 no-

849 1271 1028 1336 titiae
1090 1277 1373 1336 secretus
1432 1270 1747 1355 interpres
1806 1270 2163 1337 domestica
2223 1270 2428 1337 istaec
2489 1292 2613 1336 non
2674 1278 2805 1336 tam
2852 1272 3226 1356 praedicare
3284 1293 3476 1355 quam
3524 1273 3814 1357 prodere.
3909 1280 4101 1355 atque
4149 1289 4204 1329 ιε»

850 1383 919 1441 ut
961 1374 1087 1439 ista
1133 1373 1267 1438 dixi
1312 1374 1392 1439 de
1439 1373 1712 1457 cognitis
1758 1373 1915 1438 mihi
1960 1379 2154 1457 atque
2200 1373 2369 1439 intra
2412 1375 2627 1439 aulam
2673 1374 3124 1457 familiaribus,
3178 1396 3434 1460 possem
3481 1384 3545 1441 et
3591 1375 3746 1441 foris
3779 1375 4105 1441 celebrata

850 1497 1238 1560 memorare,
1305 1477 1430 1542 nisi
1493 1477 1708 1542 omnia
1765 1498 1987 1544 omnes
2048 1484 2112 1544 et
2170 1479 2519 1563 separatim
2580 1478 2704 1544 sibi
2763 1477 3034 1561 quisque
3093 1479 3398 1545 novisset.
3499 1484 3600 1545 71.
3655 1500 3910 1564 possem
3965 1481 4105 1564 pari

848 1582 1162 1650 brevitate
1226 1581 1440 1647 dicere
1505 1580 1693 1668 (qua)
1756 1579 2109 1665 superiora.
2205 1581 2714 1648 emendatissimi
2780 1581 2900 1647 viri
2962 1589 3061 1648 est
3118 1583 3403 1667 pigenda
3447 1604 3571 1648 non
3618 1583 3860 1649 facere:
3927 1591 3996 1648 at
4037 1591 4106 1649 tu

849 1708 1197 1768 numquam
1259 1684 1655 1770 paenitenda
1715 1684 1924 1750 fecisti
1978 1690 2042 1750 et
2088 1704 2345 1769 semper
2389 1685 2643 1751 veniam
2690 1684 3169 1769 paenitentibus
3214 1685 3527 1750 obtulisti.
3624 1685 3959 1769 pulchrum
4006 1691 4106 1751 est

849 1791 1187 1873 indulgere
1233 1788 1636 1855 timentibus:
1693 1788 1808 1853 sed
1853 1796 1922 1854 tu
1953 1795 2306 1873 perpetuae
2335 1788 2643 1854 bonitatis
2677 1787 2905 1853 edictis
2937 1789 3264 1854 occurristi
3296 1787 3612 1867 omnibus,
3665 1810 3746 1854 ne
3778 1789 4097 1854 timerent.
4143 1805 4201 1846 πο

849 1893 1260 1977 magnificum
1306 1891 1528 1977 largiri
1574 1892 1880 1957 honores:
1931 1898 2000 1957 tu
2045 1891 2387 1957 honoratos
2434 1899 2498 1957 et
2544 1891 2932 1957 liberalitate
2976 1890 3222 1956 ditasti.
3318 1889 3647 1957 laudabile
3690 1899 3790 1957 est
3828 1891 4107 1976 impera-

848 2006 1049 2065 torem
1096 1996 1322 2063 faciles
1367 1995 1928 2081 interpellantibus
1972 1996 2286 2079 praebere
2333 1996 2547 2061 aditus
2593 2010 2714 2061 nec
2759 1995 2840 2060 de
2882 1996 3296 2079 occupatione
3330 1994 3614 2060 causari:
3667 2002 3738 2060 tu
3771 1995 4106 2061 confirmas

851 2101 1034 2168 adire
1081 2106 1457 2166 cunctantes
1502 2106 1567 2165 et
1610 2098 1739 2163 iam
1786 2098 2198 2183 querimoniis
2244 2099 2609 2184 explicatis,
2663 2120 2743 2164 ne
2790 2098 2942 2181 quid
2988 2098 3203 2164 adhuc
3249 2098 3537 2178 sileatur,
3590 2097 3974 2182 interrogas.

1024 2204 1198 2269 XVI.
1256 2207 1360 2268 72.
1412 2203 1681 2269 Celebre
1728 2202 1852 2268 fuit
1894 2202 2025 2268 Titi
2071 2202 2373 2268 Caesaris
2433 2202 2710 2281 dictum,
2779 2201 3139 2285 perdidisse
3185 2220 3255 2266 se
3306 2200 3509 2281 diem,
3575 2222 3698 2283 quo
3754 2202 3917 2267 nihil
3962 2202 4111 2268 boui

852 2306 1114 2373 fecerat.
1211 2307 1326 2372 sed
1372 2305 1624 2371 celebre
1669 2305 1818 2387 fuit,
1891 2305 2043 2388 quia
2088 2304 2473 2389 Vespasiani
2521 2322 2851 2370 successor
2897 2303 3180 2384 dixerat,
3252 2303 3434 2369 cuius
3479 2303 3677 2368 nimia
3721 2304 4112 2390 parsimonia

852 2419 916 2477 et
963 2410 1304 2476 austeritas
1352 2410 1460 2474 vix
1507 2408 1777 2474 ferenda
1821 2408 2048 2473 miram
2094 2408 2334 2474 fecerat
2378 2408 2494 2473 filii
2542 2408 2897 2474 lenitatem.
2992 2415 3061 2473 tu
3099 2408 3549 2474 Valentiniano
3594 2408 3872 2492 genitus,
3925 2408 4108 2475 cuius

853 2516 989 2580 alta
1032 2514 1318 2594 bonitas,
1386 2532 1695 2597 praesens
1750 2511 2048 2594 comitas,
2109 2517 2470 2596 temperata
2515 2511 2827 2577 severitas
2876 2511 3030 2592 fuit,
3102 2519 3281 2596 parto
3327 2519 3391 2576 et
3436 2511 3688 2577 condito
3734 2510 3973 2595 optimo
4019 2512 4110 2576 rei

856 2616 1156 2702 publicae
1203 2622 1407 2698 statu,
1458 2615 1788 2698 intellegis
1834 2633 2026 2699 posse
2070 2622 2135 2681 te
2181 2633 2327 2680 esse
2374 2614 2775 2680 lenissimum
2821 2614 2962 2680 sine
3008 2614 3349 2699 dispendio
3406 2614 3808 2698 disciplinae.
3903 2633 4108 2697 neque
4146 2633 4171 2671 ⁵

855 2740 1005 2785 vero
1052 2739 1247 2783 unum
1294 2718 1555 2802 aliquod
1612 2718 1848 2783 bonum
1893 2738 2018 2784 uno
2065 2718 2172 2783 die
2226 2724 2561 2801 praestas,
2631 2718 2746 2783 sed
2804 2718 3241 2801 indulgentias
3288 2718 3651 2801 singulares
3694 2738 3810 2802 per
3853 2716 4110 2799 singula

859 2824 1156 2889 horarum
1204 2830 1525 2888 momenta
1571 2822 1986 2907 multiplicas.
2083 2826 2118 2886 7
2128 2825 2190 2886 3.
2255 2822 2359 2887 vel
2414 2820 2578 2886 illud
2622 2842 2819 2888 unum
2866 2821 3048 2886 cuius
3095 2821 3268 2887 modi
3312 2827 3411 2886 est
3456 2820 3538 2885 de
3585 2820 3966 2886 condonatis
4010 2840 4112 2885 re-

856 2925 1060 2992 siduis
1106 2926 1510 2991 tributorum:
1567 2925 1738 3008 quod
1783 2933 1852 2991 tu
1895 2946 2088 3009 quam
2135 2926 2459 2991 cumulata
2503 2924 2787 2991 bonitate
2834 2924 3079 2991 fecisti!
3133 2925 3278 3006 quis
3325 2945 3625 3008 umquam
3655 2924 4109 3009 imperatorum

855 3031 978 3097 hoc
1022 3030 1372 3115 provinciis
1418 3028 1551 3096 suis
1598 3037 1710 3095 aut
1755 3030 2044 3096 uberiore
2089 3028 2498 3112 indulgentia
2544 3029 2724 3094 dedit
2766 3035 2878 3094 aut
2922 3027 3191 3094 certiore
3238 3027 3580 3093 securitate
3625 3027 3958 3112 prospexit
4001 3036 4112 3094 aut

856 3132 1199 3220 prudentia
1243 3133 1628 3199 consultiore
1673 3132 1988 3198 munivit?
2034 3132 2275 3197 fecerat
2320 3138 2385 3197 et
2415 3131 2733 3197 Traianus
2780 3130 2953 3211 olim,
3016 3132 3133 3197 sed
3177 3131 3466 3216 partibus
3514 3130 3778 3195 retentis
3822 3150 3949 3195 non
3994 3131 4110 3196 ha-
4150 3146 4205 3187 ιο

858 3239 1053 3304 bebat
1094 3245 1338 3304 tantam
1384 3236 1876 3303 oblectationem
1921 3236 2214 3302 concessi
2259 3235 2462 3301 debiti
2525 3234 2765 3321 porti0,
2833 3241 3076 3317 quanta
3137 3235 3398 3300 suberat
3443 3234 3801 3300 amaritudo
3847 3235 4105 3300 servati.

861 3351 925 3408 et
954 3342 1312 3409 Antoninus
1346 3341 1728 3422 indulserat,
1783 3340 1899 3406 sed
1930 3339 2204 3425 imperii,
2255 3361 2384 3405 non
2416 3338 2713 3405 beneficii
2759 3358 3090 3404 successor
3132 3338 3384 3418 invidit,
3436 3337 3544 3421 qui
3591 3358 3671 3402 ex
3718 3338 4113 3403 documentis

858 3447 1227 3530 tabulisque
1282 3446 1544 3530 [populi]
1600 3443 1958 3510 condonata
2004 3443 2325 3529 repetivit.
2421 3448 2488 3507 tu
2535 3448 2917 3526 argumenta
2970 3441 3188 3506 omnia
3235 3439 3572 3524 flagitandi
3620 3441 3966 3526 publicitus
4010 3463 4114 3507 ar-

859 3550 1012 3617 dere
1072 3549 1341 3615 iussisti.
1438 3552 1543 3613 74.
1607 3547 1830 3613 videre
1884 3548 1952 3611 in
1999 3546 2133 3612 suis
2178 3566 2472 3630 quaeque
2520 3545 2675 3611 foris
2723 3565 2943 3610 omnes
2991 3544 3284 3609 civitates
3332 3543 3891 3627 conflagrationem
3938 3546 4115 3609 salu-

863 3652 994 3718 bris
1024 3652 1327 3718 incendii.
1424 3651 1737 3717 ardebant
1769 3650 2003 3736 stirpes
2036 3650 2361 3715 fraudium
2400 3656 2707 3729 veterum,
2764 3648 3080 3712 ardebant
3124 3647 3470 3712 seminaria
3514 3647 3892 3712 futurarum.
3987 3648 4113 3712 iam
4155 3666 4207 3704 ιε»

860 3778 930 3824 se
977 3778 1119 3823 cum
1165 3756 1429 3841 pulvere
1475 3756 1702 3820 favilla
1744 3756 2107 3834 miscuerat,
2161 3754 2292 3819 iam
2338 3752 2615 3818 nubibus
2662 3751 2874 3816 fumus
2908 3750 3041 3836 (se)
3089 3751 3448 3815 involverat
3494 3757 3557 3815 et
3599 3750 3812 3815 adhuc
3857 3749 4113 3816 obnoxii

861 3863 928 3927 in
987 3860 1245 3947 paginis
1301 3858 1717 3925 concrematis
1776 3859 2003 3924 ductus
2063 3858 2318 3942 apicum
2374 3863 2438 3922 et
2484 3855 2919 3921 sestertiorum
2963 3861 3148 3919 notas
3195 3853 3514 3920 coniventi
3558 3852 3931 3920 adoratione
3978 3874 4114 3919 cer-

861 3966 1133 4046 nebant,
1201 3963 1372 4047 quod
1431 3962 1853 4027 meminerant
1910 3962 2143 4027 lectum
2204 3960 2336 4043 legi
2395 3979 2586 4044 posse
2647 3967 2713 4024 et
2771 3965 2904 4023 tum
2966 3965 3283 4023 verentes,
3392 3956 3547 4040 quid
3605 3964 3705 4040 te,
3769 3956 4115 4040 imperator

861 4070 1186 4150 Auguste,
1241 4064 1728 4147 indulgentius?
1813 4064 1969 4147 quid
2013 4070 2224 4149 potest
2268 4082 2413 4128 esse
2460 4061 2861 4127 consultius?
2935 4081 3101 4142 quae
3146 4061 3314 4125 bona
3358 4066 3689 4143 praestaS,
3742 4060 3981 4140 efficiS,
4034 4080 4113 4124 ne

864 4172 1111 4238 caduca
1155 4169 1314 4235 sint:
1368 4188 1534 4250 quae
1581 4167 1753 4232 mala
1799 4166 2065 4250 adimis,
2117 4166 2436 4251 prospicis
2482 4185 2564 4230 ne
2610 4164 2859 4250 possint
2901 4183 3045 4228 esse
3091 4162 3398 4228 recidiva.
3495 4165 3599 4226 75.
3649 4162 3813 4227 haec
3857 4162 4114 4247 provin·
4151 4179 4203 4220 20

863 4274 1134 4341 cialibus
1178 4271 1618 4354 indulgentiae
1662 4271 1850 4335 bona.
1947 4270 2102 4352 quid
2145 4270 2263 4334 illa
2306 4275 2521 4333 nostro
2567 4267 2797 4350 ordini,
2851 4266 3008 4349 quid
3053 4267 3170 4330 illa
3215 4264 3565 4331 militibus?
3652 4264 4112 4330 Antoninorum

1038 4570 1070 4618 9
1108 4549 1206 4616 ciro
1248 4569 1288 4615 T
1548 4568 1609 4617 10
1646 4582 1772 4629 quae
1810 4583 1875 4629 ω,
1915 4567 2062 4628 quasi
2107 4566 2220 4626 U9.,
2260 4579 2390 4627 quae
2427 4565 2570 4626 quasi
2613 4565 2723 4612 Toll
2760 4565 2901 4621 volyo
3168 4561 3221 4609 11
3265 4565 3557 4622 suppeteret
3593 4567 3647 4609 et
3682 4561 3939 4609 Acidaliae
3974 4563 4115 4621 υοιρο

866 4659 927 4708 12
965 4671 1056 4706 nec
1087 4658 1210 4716 (post
1235 4656 1353 4716 diei)
1390 4656 1431 4701 T
1464 4659 1533 4715 (in
1558 4670 1652 4717 quo
1678 4670 1769 4703 nec
1801 4651 1809 4720 Ι
1841 4653 1948 4714 nec)
1977 4651 2204 4711 mames,
2249 4666 2414 4714 neque
2446 4657 2535 4701 cet.
2750 4651 2951 4697 dicituri
2982 4649 3034 4695 M
3248 4647 3308 4696 16
3346 4649 3633 4695 celebritate
3668 4647 3709 4692 T
3919 4645 3980 4695 18
4018 4661 4114 4708 qua

862 4759 958 4792 om.
1001 4758 1062 4804 ω,
1105 4742 1222 4792 add.
1265 4743 1526 4791 Acidaltus
1800 4741 2053 4802 pingenda
2092 4740 2156 4801 M,
2209 4740 2511 4802 poenitenda
2551 4738 2666 4786 Par.
2709 4739 2850 4795 volyo
3134 4735 3195 4785 19
3233 4735 3539 4795 poenitenda
3575 4739 3621 4781 et
3658 4735 4035 4796 poenitentibus
4075 4732 4114 4778 T

862 4830 922 4881 21
967 4832 1286 4890 magnificum
1323 4835 1402 4878 est
1438 4829 1613 4891 Delph.
1826 4830 2091 4876 honoratos
2136 4828 2177 4873 T
2215 4828 2255 4886 (s
2292 4840 2349 4873 ex
2387 4831 2425 4887 r)
2642 4823 2705 4872 23
2746 4821 2930 4871 sileat'u
2971 4823 3023 4869 M
3233 4822 3481 4880 intel-ogas
3523 4820 3625 4867 TM

1035 4917 1173 4965 XVI.
1222 4917 1241 4965 1
1286 4918 1358 4963 nil
1387 4915 1443 4961 M
1635 4914 1665 4963 2
1707 4915 2001 4977 uespaxiani
2033 4914 2090 4972 T,
2121 4914 2408 4974 uespesiani
2441 4908 2548 4971 Mp2
2745 4911 2901 4958 nimia
2924 4924 3018 4957 om.
3056 4909 3097 4954 T
3289 4907 3319 4955 3
3358 4907 3565 4956 ferenda
3594 4905 3645 4952 M
3833 4906 4114 4953 ualentiano

868 5001 1021 5065 Ttpp2
1192 5003 1224 5050 4
1250 5004 1436 5064 optimo
1467 4999 1581 5062 1322,
1612 5003 1798 5062 optime
1823 5017 1853 5047 v
1883 5002 1930 5061 (e
1955 5015 2011 5047 ex
2037 5000 2106 5060 o),
2135 5001 2352 5059 optimae
2377 5003 2465 5046 cet.
2611 4999 2682 5043 rei
2710 5010 2761 5056 p.
2800 4996 2855 5052 T,
2888 4996 2959 5043 rei
2984 5008 3068 5056 pu.
3106 4992 3161 5039 M
3332 4994 3360 5041 5
3390 4993 3708 5040 leuissimum
3738 4989 3793 5037 M
3954 4990 3986 5038 6
4012 4991 4114 5037 sin-

863 5091 1058 5149 gulares
1088 5085 1203 5150 Tpss,
1235 5090 1480 5136 seculares
1505 5092 1591 5136 cet.
1739 5085 1768 5134 8
1796 5100 2016 5147 unquam
2049 5083 2149 5132 TM
2285 5084 2317 5131 9
2343 5085 2447 5132 suit
2474 5081 2529 5128 M
2673 5082 2732 5130 10
2760 5089 3027 5140 tyrayanus
3056 5079 3110 5126 M
3255 5078 3313 5128 12
3340 5079 3628 5127 indulxerat
3656 5077 3712 5124 M
3852 5075 3909 5124 13
3939 5076 4112 5138 populi

862 5191 956 5226 om.
991 5175 1059 5237 M,
1091 5177 1290 5238 populis
1320 5173 1619 5236 Momm-sem
1650 5189 1721 5221 an
1744 5175 1959 5236 populo?
2133 5175 2373 5233 repetunt
2400 5169 2457 5215 M
2634 5168 2691 5216 14
2720 5169 3119 5228 conflagitionem
3149 5166 3201 5212 M
3381 5165 3440 5213 15
3467 5170 3642 5227 stupes
3671 5162 3724 5208 M
3883 5161 4113 5210 fraudum

862 5261 1129 5311 lmuvh‘2e13
1163 5264 1269 5322 (om.
1294 5261 1362 5324 172)
1395 5263 1535 5322 volyo
1677 5263 1869 5310 semina
1900 5257 2091 5323 Tp21v²
2268 5257 2331 5306 16
2369 5271 2422 5304 se
2447 5256 2620 5303 addidi
2639 5275 2650 5317 3
2688 5256 2989 5302 involaverat
3017 5253 3289 5302 Mommsen
3469 5251 3526 5299 17
3567 5250 3921 5299 sextertiorum
3956 5248 4055 5295 TM

862 5350 1184 5398 conuiuantia
1220 5343 1257 5397 ἃ
1295 5349 1376 5398 ᾗ
1420 5350 1476 5411 T,
1525 5364 1635 5395 oum
1674 5349 1905 5395 iuuantia
1947 5347 2162 5407 (uiuatia
2197 5345 2247 5402 k)
2289 5344 2352 5392 de
2394 5338 2450 5404 (ἃ
2485 5345 2529 5399 k)
2571 5343 2760 5390 ratione
2796 5339 2958 5401 kp‘leE
2991 5345 3036 5387 et
3073 5338 3125 5386 122
3161 5342 3231 5400 (in
3266 5354 3365 5398 my.
3408 5337 3455 5385 a}
3492 5336 3728 5396 iuuacia),
3770 5350 3884 5383 cum
3921 5336 4116 5382 uiuacis

866 5439 1079 5498 (uiuatia
1103 5437 1138 5497 l,
1181 5414 1401 5490 u'ffauatia
1424 5437 1472 5495 υ)
1502 5436 1565 5483 de
1591 5436 1779 5482 ratione
1805 5438 1918 5491 cet„
1960 5447 2071 5481 cum
2098 5431 2368 5478 titubantia
2394 5435 2447 5477 et
2473 5430 2803 5490 trepidatione
2832 5428 2963 5475 Scal.
2996 5429 3150 5487 volyo,
3195 5425 3491 5474 conniuenti
3519 5423 3579 5471 de
3605 5424 3796 5470 ratione
3826 5421 3955 5482 Toll,
4007 5434 4113 5468 cum

866 5525 1103 5571 titubanti
1143 5523 1424 5570 adoratione
1451 5522 1648 5582 Haupt,
1687 5534 1780 5568 ceu
1818 5522 2064 5579 integrata
2101 5517 2414 5564 adaeratioue
2448 5515 2624 5575 Unyer‚
2667 5515 2979 5561 conturbanti
3016 5513 3330 5561 adaeratione
3361 5510 3620 5569 Baehrens,
3663 5508 3922 5556 coniuenti
3948 5506 4113 5554 adora-

869 5611 1002 5658 tione
1039 5623 1125 5668 cyo
1334 5608 1578 5656 conebant
1615 5606 1670 5653 M
1881 5604 1942 5653 18
1980 5605 2083 5662 legi
2109 5585 2529 5665 possetetueteres
2561 5601 2617 5661 T,
2661 5602 2761 5660 legi
2789 5613 2958 5660 posse3
2987 5611 3016 5649 z
3041 5603 3238 5646 ueteres
3267 5595 3366 5656 Mk,
3411 5597 3507 5655 legi
3535 5607 3677 5656 posse
3704 5601 3755 5640 et
3781 5597 3977 5641 ueteres
4003 5598 4107 5649 cet„

864 5701 914 5743 et
942 5701 1172 5744 verentes
1197 5695 1341 5757 Alci„
1379 5697 1529 5742 etiam
1557 5700 1790 5741 verentes
1816 5691 2090 5752 Acidaliae,
2135 5691 2285 5738 etiam
2311 5693 2435 5738 tunc
2462 5694 2695 5736 verentes
2728 5687 2832 5733 Tou
2857 5688 3018 5746 volyo,
3055 5698 3197 5746 posse
3225 5689 3509 5731 metuentes
3535 5681 3795 5739 Baehrens,
3825 5685 3878 5728 et
3903 5686 4011 5727 tum
4037 5692 4117 5725 ve·

867 5788 1034 5830 rentes
1059 5796 1144 5843 eqo
1354 5782 1417 5833 20
1459 5782 1655 5829 recidua
1689 5780 1742 5839 T,
1787 5779 2007 5827 recidiua
2041 5775 2127 5825 kh2
2167 5779 2390 5838 (uterque
2417 5778 2469 5822 ἱη
2494 5790 2590 5834 my.
2622 5775 2869 5832 rediuiua)
2912 5773 2997 5832 eE,
3040 5771 3267 5818 rediuiua
3302 5775 3389 5818 cet.
3606 5767 3664 5816 21
3711 5761 3904 5832 nostro]
3941 5764 4028 5815 u—rb’
4065 5762 4114 5811 M
