4630 6435
734 475 854 537 156
2200 472 2512 530 AVSONII

1394 662 1739 746 adspirans
1784 670 2011 729 tenues
2057 684 2171 747 per
2214 664 2445 729 inertia
2488 663 2772 748 pondera
2816 670 3046 728 motus.

1396 774 1627 850 quarta
1669 766 1735 831 in
1781 766 1936 831 sede
1980 766 2160 849 viget
2202 767 2391 850 primi
2436 766 2840 849 indulgentia
2885 766 3057 831 Solis

1229 889 1289 929 20
1398 870 1630 935 suadet
1674 876 1739 935 et
1782 869 2035 934 infusus
2081 878 2337 935 teneros
2383 872 2744 936 coalescere
2789 870 2981 936 fetus,

1399 975 1614 1056 fulgor
1655 980 1987 1057 tetragono
2032 980 2299 1059 aspectu
2346 975 2541 1040 vitale
2587 983 2879 1041 coruscat

1399 1079 1637 1142 clarum
1687 1085 1750 1141 et
1795 1077 1939 1142 lene
1984 1077 2250 1158 micans,
2304 1078 2633 1161 quintique
2682 1079 2780 1163 (e)
2829 1078 3089 1143 cardine
3137 1079 3307 1162 signi

1399 1180 1622 1245 incutit
1667 1180 2001 1246 attonitam
2048 1188 2351 1263 vegetato
2398 1181 2641 1248 infante
2695 1189 3048 1267 parentem.

1397 1306 1545 1349 nam
1594 1291 1775 1349 sexto
1820 1284 1919 1348 vis
1964 1285 2147 1350 nulla
2190 1285 2362 1365 loco,
2424 1286 2576 1368 quia
2621 1286 2802 1350 nulla
2846 1286 3068 1351 tuendi

1228 1404 1289 1446 2⁵
1396 1388 1654 1473 aequati
1702 1389 1919 1454 lateris
1967 1389 2259 1473 signatur
2302 1391 2530 1473 regula
2573 1390 2856 1455 Phoebo.

1396 1500 1498 1557 ast
1542 1492 1651 1556 ubi
1698 1492 2047 1575 signiferae
2093 1491 2309 1557 media
2352 1493 2419 1557 in
2473 1493 2734 1577 regione
2780 1493 3054 1559 cohortis

1398 1595 1711 1679 septimus
1756 1596 2005 1680 accepit
2049 1596 2236 1661 limes
2280 1596 2612 1661 rutilantia
2656 1596 2931 1661 flammis

1398 1706 1568 1763 recto
1614 1706 1825 1763 castra
1871 1698 2033 1777 situ,
2084 1699 2402 1782 turgentis
2450 1698 2716 1765 foedera
2758 1706 2982 1784 partus

1397 1802 1525 1867 iam
1574 1802 1766 1887 plena
1811 1803 1929 1868 sub
1975 1803 2117 1868 luce
2164 1802 2372 1883 videt,
2427 1823 2547 1868 nec
2591 1801 2852 1887 fulgura
2895 1803 3072 1889 parci

1229 1927 1289 1966 30
1398 1906 1659 1972 luminis
1703 1906 2043 1972 intendens
2087 1913 2217 1971 toto
2264 1907 2437 1972 fovet
2480 1907 2631 1989 igne
2676 1928 2971 1973 coronae.

1397 2008 1547 2074 hinc
1591 2009 1791 2089 illud,
1845 2008 2013 2091 quod
2061 2003 2384 2093 legitimos
2431 2010 2673 2076 Lucina
2716 2011 2972 2076 labores

1400 2112 1733 2195 praevenit
1779 2119 1844 2176 et
1886 2112 2194 2194 gravidos
2240 2112 2435 2178 sentit
2481 2112 2811 2197 subripere
2866 2113 3056 2178 nixus

1398 2222 1545 2281 ante
1594 2221 2000 2298 expectatum
2049 2214 2285 2279 festina
2332 2235 2649 2300 puerpera
2692 2223 2931 2281 votum.

1396 2318 1568 2400 quod
1614 2318 1773 2397 nisi,
1831 2325 2095 2402 septeno
2142 2339 2284 2383 cum
2332 2319 2579 2384 lumina
2624 2319 2789 2385 fudit
2832 2319 2915 2384 ab
2961 2326 3166 2401 astr0,

1228 2444 1290 2483 35
1397 2422 1722 2505 impulerit
1766 2421 1935 2486 tardi
1981 2422 2262 2487 claustra
2307 2422 2704 2487 obluctantia
2749 2431 3002 2507 partus,

1397 2524 1708 2610 posterior
1752 2531 2057 2607 nequeat,
2113 2524 2320 2609 possit
2361 2525 2561 2610 prior:
2618 2546 2703 2589 an
2747 2526 2902 2608 quia
2947 2532 3130 2591 sexto

1397 2627 1693 2693 aemulus
1739 2627 1950 2693 octavi
1996 2636 2377 2712 conspectus
2421 2627 2670 2693 inutilis
2715 2628 2871 2694 astri

1395 2732 1603 2798 nescit
1646 2732 2007 2816 conpariles
2054 2733 2330 2797 laterum
2377 2730 2653 2797 formare
2699 2731 2985 2815 figuras?

1397 2843 1497 2903 set
1539 2856 1704 2901 nono
1748 2836 2127 2902 incumbens
2174 2835 2360 2918 signo
2406 2835 2771 2901 cunctantia
2814 2842 3085 2902 matrum

1231 2960 1289 3001 -ιο
1397 2946 1545 3005 vota
1589 2940 1792 3019 levat,
1846 2940 2096 3023 trigono
2141 2939 2317 3005 vires
2363 2940 2649 3005 sociante
2696 2939 3012 3022 sequenti.

1396 3051 1463 3108 at
1510 3043 1566 3107 si
1613 3042 1898 3109 difficilis
1945 3043 2140 3108 trahit
2184 3042 2451 3127 Ilithyia
2494 3050 2871 3121 retrorsum,

1396 3154 1729 3232 tetragono
1774 3146 2068 3212 absolvet
2111 3146 2448 3212 dubiarum
2497 3146 2713 3211 vincla
2758 3167 3098 3212 morarum.

899 3461 965 3510 24
1016 3461 1165 3511 Gens.
1207 3463 1255 3526 8,
1303 3462 1364 3511 10
1415 3468 1634 3511 ceterum
1674 3480 1702 3512 a
1738 3464 1842 3510 loco
1878 3467 2023 3510 sexto
2060 3467 2357 3524 conspectus
2393 3464 2530 3510 omni
2579 3467 2712 3510 caret
2754 3464 3058 3511 efficientia:
3124 3464 3233 3511 eius
3269 3463 3405 3510 enim
3445 3462 3581 3511 linea
3618 3463 3810 3511 nullius
3847 3464 3988 3524 poly-

727 3551 843 3609 goni
881 3550 1039 3598 efficit
1074 3549 1206 3597 latus
1415 3548 1489 3612 27·
1519 3549 1669 3597 Gens.
1709 3547 1760 3609 8,
1805 3547 1866 3597 10
1903 3553 1954 3597 at
1988 3563 2017 3596 a
2050 3550 2265 3609 septimo
2304 3549 2445 3598 zodio
2484 3584 2497 3598 .
2535 3585 2546 3597 .
2579 3584 2591 3597 .
2629 3550 2946 3609 plenissimus
2982 3550 3471 3610 potentissimusque
3507 3554 3808 3613 conspectus
3839 3562 3989 3610 quos-

728 3635 842 3683 dam
879 3635 980 3683 iam
1016 3640 1234 3683 maturos
1270 3637 1495 3684 infantes
1520 3635 1709 3696 educit,
1751 3634 1839 3697 qui
1877 3639 2287 3694 septemmestres
2311 3636 2650 3698 appellantur,
2692 3636 2810 3698 qula
2847 3637 3061 3696 septimo
3099 3649 3271 3683 mense
3297 3640 3576 3683 nascuntur
3785 3632 3851 3682 34
3877 3649 3987 3697 sqq.

727 3722 879 3771 Gens.
921 3721 969 3782 8,
1018 3721 1070 3770 11
1129 3728 1181 3769 at
1218 3723 1262 3770 si
1298 3724 1429 3770 intra
1476 3722 1564 3771 hoc
1612 3723 1832 3783 spatium
1869 3727 2199 3770 maturescere
2246 3727 2427 3770 uterus
2475 3736 2573 3771 non
2621 3724 2869 3784 potuerit,
2922 3729 3092 3772 octavo
3138 3736 3312 3770 mense
3348 3735 3448 3770 non
3485 3722 3652 3771 editur
3704 3723 3784 3785 (ab
3819 3727 3991 3770 octavo

729 3810 868 3857 enim
905 3810 1047 3869 siguo
1084 3814 1143 3857 ut
1180 3825 1208 3857 a
1243 3815 1386 3858 sexto
1421 3810 1656 3858 inefficax
1696 3810 1852 3871 visus)
1908 3809 1999 3856 sed
2034 3811 2115 3856 vel
2152 3823 2281 3858 nono
2335 3824 2510 3858 mense
2546 3811 2624 3857 vel
2662 3810 2853 3858 decimo
3062 3808 3122 3858 41
3155 3824 3229 3871 sq.
3283 3808 3432 3858 Gens.
3475 3808 3524 3872 8,
3572 3808 3632 3857 12
3682 3810 3754 3858 sol
3791 3810 3925 3858 enim
3963 3823 3991 3855 a

727 3908 857 3944 nono
909 3896 1045 3945 zodio
1091 3896 1384 3959 particulam
1434 3897 1774 3957 conceptionis
1812 3910 2007 3944 rursum
2046 3896 2287 3956 conspicit
2334 3892 2467 3946 κατὰ
2498 3892 2743 3965 τρίγωνον
2793 3902 2843 3944 et
2880 3912 2910 3944 a
2946 3896 3139 3946 decimo
3173 3892 3306 3946 κατὰ
3339 3893 3681 3965 τετράγωνον,
3734 3896 3823 3957 qui
3871 3908 3990 3943 con-

731 3984 955 4043 spectus,
997 3986 1056 4029 ut
1092 3996 1244 4044 supra
1279 3984 1378 4031 lam
1414 3983 1607 4032 dictum
1644 3988 1741 4046 est,
1780 3997 2017 4045 perquam
2057 3987 2176 4032 sunt
2212 3985 2442 4031 efficaces

906 4273 967 4323 19
1003 4275 1211 4336 fortune
1236 4276 1396 4337 prima
1604 4275 1669 4326 20
1700 4277 1895 4325 infusos
1931 4277 1983 4340 V,
2014 4278 2215 4326 infusus
2245 4275 2380 4324 Scal.
2594 4276 2654 4326 21
2689 4278 2933 4338 tetrigono
2965 4278 3150 4326 Vcorr.
3183 4277 3316 4324 Scal.
3530 4279 3764 4337 aspectus
3799 4276 3838 4322 V
3858 4288 3982 4325 corr.

739 4364 849 4410 Vin.
1098 4361 1162 4410 22
1201 4351 1429 4423 quintiq‘*
1478 4363 1529 4422 V,
1571 4363 1738 4424 quinti
1773 4366 1863 4425 qui
1902 4363 2035 4411 Scal.
2077 4365 2236 4425 volyo,
2279 4365 2550 4425 quintique
2589 4379 2616 4411 e
2653 4378 2756 4424 090,
2799 4364 3071 4424 quintique
3109 4366 3161 4412 in
3207 4364 3338 4423 Vim,
3381 4364 3652 4424 quinthue
3687 4376 3716 4409 a
3752 4362 3989 4410 Heinsius

729 4448 793 4495 25
830 4448 996 4511 phebo
1042 4448 1081 4494 V
1283 4447 1350 4497 26
1387 4449 1603 4506 signifer
1639 4486 1652 4500 .
1689 4486 1701 4498 .
1732 4485 1746 4498 .
1791 4451 2016 4498 cohortes
2064 4450 2103 4496 V
2136 4464 2260 4498 corr.
2304 4449 2439 4497 Scal.
2666 4448 2731 4499 28
2771 4449 2939 4497 federa
2987 4449 3025 4495 V
3242 4448 3307 4498 29
3344 4449 3493 4509 plena
3535 4449 3579 4510 (e
3613 4445 3705 4508 m2)
3746 4450 3842 4496 sub
3877 4448 3990 4495 luce

733 4534 846 4593 (sub
883 4535 965 4581 luc
1003 4537 1057 4581 ἰη
1093 4548 1194 4582 ras.
1233 4531 1321 4595 m2)
1374 4534 1416 4581 V
1644 4534 1702 4584 31
1746 4535 1864 4583 illut
1907 4536 1949 4583 V
2169 4535 2234 4584 32
2274 4539 2544 4598 subrepere
2581 4534 2742 4596 Luyd.
2785 4535 2929 4594 volyo
3157 4534 3220 4582 34
3260 4517 3364 4596 quii
3408 4535 3447 4581 V
3670 4534 3735 4582 35
3774 4534 3904 4581 tardi
3953 4534 3991 4580 V

730 4621 777 4680 (d
816 4634 875 4666 cx
912 4621 946 4682 t)
1159 4619 1223 4668 36
1261 4610 1439 4681 neq³at
1485 4619 1523 4665 V
1564 4620 1610 4682 (q
1647 4618 1722 4669 m²
1757 4624 1809 4668 in
1845 4624 1967 4682 ras.)
2196 4621 2258 4669 37
2304 4623 2538 4670 aemulus
2574 4609 2733 4669 ⁰⁰taui
2778 4621 2819 4668 V
2855 4621 2952 4678 (lus
2989 4610 3094 4668 ⁰⁰ta
3128 4618 3202 4668 m²
3238 4623 3292 4668 in
3327 4621 3447 4679 raa.)
3678 4619 3744 4669 40
3780 4621 3906 4666 uiris
3951 4620 3992 4666 V

724 4704 781 4754 41
827 4706 889 4753 ad
936 4707 975 4753 V
1214 4688 1692 4756 hilithisidorar'rsu
1737 4709 1788 4769 V,
1832 4708 2037 4766 Ilithyia
2072 4712 2343 4756 retrorsum
2380 4708 2613 4756 Heinsius
2823 4713 3022 4768 partum
3063 4708 3256 4770 (partus
3293 4704 3543 4766 Florida-9)
3588 4706 3746 4754 trahit
3781 4706 3984 4764 Ilithyia

734 4791 846 4847 Tell
880 4793 1022 4862 volyo
