4630 6435
1868 450 2193 506 GRIPHVS
2234 452 2491 516 (XXVI).
3689 454 3796 516 13¹

1220 641 1333 706 tris
1381 640 1626 725 primus
1672 661 1823 726 par,
1874 640 2082 725 impar
2128 641 2322 707 habet
2367 641 2813 723 mediumque:
2868 640 2983 706 sed
3027 640 3168 726 ipse

1049 768 1109 807 55
1225 752 1292 811 nt
1337 746 1484 825 trie,
1543 745 1635 810 sic
1680 745 1956 828 quinque
2004 753 2083 811 et
2114 753 2362 829 septem
2409 766 2662 829 qnoque
2709 744 2943 810 dividit
2986 764 3186 825 unuS,

1217 855 1280 913 et
1329 868 1593 914 numero
1637 848 1704 913 in
1751 856 1882 915 toto
1928 849 2175 932 positus
2222 850 2341 914 sub
2389 849 2685 914 acumine
2733 848 2931 914 centri

1216 951 1555 1034 distinguit
1598 951 1841 1017 solidos
1888 953 2081 1017 coebo
2129 959 2438 1036 pergente
2484 953 2785 1032 trientes,

1219 1055 1605 1138 aequipares
1653 1054 1960 1119 dirimens
2006 1062 2223 1140 partes
2270 1076 2352 1120 ex
2397 1056 2619 1139 inpare
2666 1063 2868 1121 terno.

1218 1166 1282 1223 et
1324 1158 1589 1243 paribus
1633 1157 1875 1242 triplex
1920 1158 2237 1239 medium,
2294 1179 2435 1222 cum
2484 1164 2783 1240 quattuor
2827 1164 2891 1223 et
2938 1178 3053 1224 sex

1048 1285 1108 1324 ao
1217 1262 1445 1345 bisque
1492 1268 1945 1344 quaternorum
1994 1262 2347 1326 secernitur
2391 1262 2726 1345 omphalos
2772 1260 2966 1326 idem.

1217 1366 1319 1430 ius
1363 1365 1630 1449 triplex,
1685 1365 1946 1430 tabulae
1991 1365 2160 1448 quod
2207 1372 2303 1430 ter
2349 1384 2622 1430 sanxere
2669 1373 3050 1448 quaternae:

1218 1489 1499 1547 sacrum,
1556 1469 1871 1553 privatum
1918 1475 1982 1533 et
2027 1470 2248 1553 populi
2297 1490 2631 1535 commune
2678 1469 2843 1553 quod
2890 1490 3160 1552 usquam
3207 1477 3326 1535 est.

1218 1574 1696 1638 interdictorum
1743 1573 1976 1637 trinum
2025 1592 2267 1656 genus:
2323 1574 2493 1638 unde
2541 1574 2838 1658 repulsus

1219 1677 1285 1741 vi
1332 1675 1511 1741 fuero
1556 1683 1669 1741 aut
1713 1676 1927 1740 utrubi
1973 1676 2166 1742 fuerit
2212 1697 2564 1759 quorumve
2609 1677 2940 1743 bonorum.

1051 1800 1113 1840 ss
1219 1780 1453 1864 triplex
1504 1780 1769 1844 libertas
1817 1779 2175 1864 capitisque
2221 1780 2488 1845 minutio
2534 1780 2790 1864 triplex.

1220 1883 1455 1949 trinum
1502 1883 1760 1948 dicendi
1804 1902 2009 1966 genus
2056 1890 2189 1948 est:
2243 1883 2554 1962 sublime,
2611 1884 3002 1966 modestum,

1221 1995 1285 2054 et
1328 1987 1505 2054 tenui
1552 1988 1682 2053 filo.
1776 1987 2011 2070 triplex
2058 2007 2309 2070 quoque
2355 1987 2563 2052 forma
2608 1988 2945 2066 medendi,

1221 2093 1323 2157 cui
1371 2094 1550 2176 logos
1597 2098 1710 2157 aut
1752 2091 2086 2156 methodos
2132 2092 2364 2173 cuique
2412 2092 2815 2176 experientia
2861 2114 3114 2159 nomen.

1220 2203 1285 2262 et
1329 2195 1648 2261 medicina
1691 2195 1951 2280 triplex:
2010 2215 2302 2275 servare,
2361 2216 2620 2276 cavere,
2674 2196 2941 2261 mederi.

1052 2318 1111 2357 το
1218 2299 1334 2363 tris
1379 2305 1696 2363 oratorum
1744 2299 1991 2363 cultus:
2044 2305 2318 2382 regnata
2362 2300 2616 2364 colosso

1218 2421 1410 2482 quem
1456 2401 1742 2483 Rhodos,
1794 2403 2077 2467 Actaeae
2122 2422 2310 2483 quem
2359 2401 2681 2468 dilexistis
2727 2403 3022 2468 Athenae

1220 2511 1284 2570 et
1328 2526 1516 2589 quem
1564 2505 1645 2570 de
1693 2505 1948 2571 scaenis
1994 2505 2221 2571 tetrica
2266 2505 2351 2570 ad
2400 2506 2716 2571 subsellia
2759 2507 2959 2570 traxit

1220 2630 1416 2694 prosa
1460 2609 1688 2689 Asiae,
1740 2610 1807 2673 in
1853 2609 2066 2674 causis
2111 2628 2414 2675 numeros
2460 2610 2712 2676 imitata
2757 2610 3113 2675 chororum.

1219 2713 1509 2798 Orpheos
1555 2713 1706 2778 hinc
1747 2713 2061 2798 tripodes,
2114 2713 2267 2796 quia
2311 2720 2462 2779 sunt
2505 2715 2653 2779 tria:
2707 2719 2910 2794 terra,
2967 2735 3170 2797 aqua,
3222 2713 3508 2779 flamma.

1050 2837 1111 2877 75
1219 2817 1456 2902 triplex
1504 2816 1825 2882 sideribus
1872 2816 2147 2902 positus,
2202 2816 2549 2899 distantia,
2603 2818 2829 2884 forma.

1219 2927 1283 2984 et
1327 2920 1556 2984 modus
1600 2925 1666 2984 et
1710 2919 2004 3001 genetrix
2051 2919 2452 2984 modulorum
2499 2921 2744 2985 musica
2787 2921 3052 3005 triplex:

1217 3022 1419 3087 mixta
1462 3022 1676 3097 libris,
1732 3028 1981 3087 secreta
2026 3022 2251 3102 astriS,
2308 3023 2576 3105 vulgata
2620 3024 2911 3089 theatris.

1218 3125 1449 3190 Martia
1495 3127 1698 3189 Roma
1741 3125 1975 3210 triplex
2022 3126 2345 3207 equitatu,
2403 3127 2625 3210 plebe,
2683 3134 2934 3192 senatu.

1218 3230 1335 3295 hoc
1381 3250 1643 3295 numero
1687 3229 1891 3295 tribus
1938 3237 2004 3296 et
2048 3249 2230 3296 sacro
2278 3230 2362 3296 de
2407 3238 2620 3297 monte
2664 3231 2927 3296 tribuni.

1048 3354 1109 3394 so
1216 3335 1331 3400 tris
1378 3334 1659 3416 equitum
1708 3341 1992 3415 turmae,
2047 3334 2169 3399 tria
2214 3334 2472 3400 nomina
2517 3335 2919 3400 nobiliorum.

1218 3439 1478 3503 nomina
1524 3444 1671 3502 sunt
1717 3437 1972 3502 chordis
2020 3437 2178 3516 tria,
2234 3445 2381 3502 sunt
2425 3439 2547 3502 tria
2592 3439 2848 3502 nomina
2893 3439 3120 3503 mensi.

1218 3540 1552 3625 Geryones
1599 3540 1915 3623 tripliceS,
1971 3540 2205 3624 triplex
2251 3560 2544 3624 conpago
2592 3540 2994 3606 Chimaerae.

1217 3644 1440 3727 Scylla
1482 3643 1758 3727 triplex,
1813 3643 2134 3708 conmissa
2177 3643 2418 3708 tribus:
2474 3664 2668 3723 cane,
2720 3643 3006 3725 virgine,
3058 3643 3261 3727 pisce.

1219 3746 1552 3830 Gorgones
1598 3747 2056 3830 Harpyiaeque
2103 3753 2168 3812 et
2210 3746 2485 3831 Erinyes
2531 3747 2789 3830 agmine
2834 3752 3014 3811 terno

1045 3870 1107 3912 ss
1218 3856 1283 3915 et
1327 3851 1442 3915 tris
1491 3850 1829 3930 fatidicae,
1882 3870 2113 3915 nomen
2162 3870 2521 3929 commune,
2579 3851 2906 3935 Sibyllae,

1216 3974 1483 4036 quarum
1532 3954 1908 4036 tergemini,
1962 3953 2188 4019 fatalia
2233 3955 2551 4034 carmina,
2606 3954 2784 4034 libri,

717 4200 780 4249 67
830 4202 948 4249 Hor.
990 4201 1155 4262 Epist.
1198 4200 1246 4247 11
1288 4199 1334 4260 1,
1376 4198 1476 4247 225
1721 4196 1787 4246 68
1835 4199 2056 4246 Marcell.
2098 4199 2160 4246 de
2198 4199 2333 4246 med.
2375 4197 2407 4246 6
2442 4199 2571 4259 quod
2620 4198 2757 4260 logos
2794 4204 2883 4246 sut
2918 4198 3176 4246 methodos
3213 4199 3537 4259 simplexque
3574 4201 3813 4260 empirica

553 4288 725 4348 pangit
931 4285 997 4336 80
1032 4287 1185 4345 Verg.
1225 4286 1353 4334 Aen.
1398 4285 1444 4331 V
1482 4284 1581 4333 560
1619 4290 1721 4332 tres
1756 4286 1986 4345 equitum
2023 4320 2036 4334 .
2074 4320 2085 4332 .
2118 4322 2129 4333 .
2173 4289 2367 4332 turmae

716 4511 779 4562 54
817 4515 979 4574 impar
1015 4528 1111 4561 om.
1145 4511 1191 4558 P
1363 4511 1427 4559 55
1466 4513 1555 4571 qui
1582 4510 1779 4557 medius
1805 4512 2033 4571 quinque
2060 4525 2102 4558 ω
2280 4511 2333 4557 in
2360 4512 2405 4557 is
2432 4510 2475 4556 P
2647 4509 2710 4558 57
2750 4509 2938 4569 quoebo
2975 4509 3027 4567 V,
3069 4509 3188 4556 cebo
3216 4506 3273 4570 P,
3315 4510 3450 4556 coelo
3479 4508 3541 4570 Τ,
3581 4511 3686 4558 cibo
3712 4508 3741 4558 λ

544 4605 782 4660 pergente
830 4601 885 4660 V,
924 4605 1194 4661 pergentes
1232 4597 1294 4659 P,
1346 4603 1591 4661 pereunte
1630 4613 1671 4644 ω
1953 4596 2016 4646 58
2064 4598 2255 4674 impare
2294 4597 2378 4644 Ρω
2661 4595 2725 4644 59
2779 4608 2882 4643 1111.
2927 4594 2985 4653 P,
3039 4602 3256 4656 quatuor
3301 4595 3343 4641 T
3616 4595 3676 4645 61
3719 4587 3813 4645 ἰαὶ

556 4684 596 4728 V
631 4686 673 4742 (s
695 4681 783 4744 νηῒ)
1005 4684 1070 4733 64
1109 4680 1183 4749 vi]
1220 4690 1278 4731 ut
1312 4684 1352 4729 V
1556 4689 1643 4729 aut
1680 4684 1847 4730 utrubi
1886 4679 1954 4745 1³2,
1997 4684 2170 4731 utrt‘iui
2208 4683 2259 4740 V,
2305 4683 2507 4730 autrubi
2534 4681 2594 4742 P,
2637 4679 2831 4729 sutrssbi
2863 4682 2921 4740 T,
2963 4686 3051 4727 aut
3087 4681 3249 4728 utrobi
3287 4686 3374 4729 cet.
3594 4680 3660 4729 65
3698 4697 3812 4744 cap-

543 4804 710 4864 tisque
748 4803 794 4850 P
1032 4748 1280 4852 &spillbloi
1526 4816 1723 4863 qnoque
1765 4838 1776 4849 .
1806 4838 1817 4851 .
1854 4838 1866 4851 .
1912 4804 2092 4863 triplex
2137 4805 2201 4861 (v.
2244 4801 2328 4858 69)
2371 4816 2464 4853 om.
2512 4802 2556 4848 P
2792 4800 2858 4851 68
2895 4815 2996 4863 que
3042 4800 3130 4856 Vi..
3172 4815 3270 4864 que
3310 4801 3410 4866 Τχ,
3449 4802 3568 4861 quoi
3602 4801 3732 4849 Scal.

539 4889 707 4949 longos
754 4890 795 4935 V
832 4893 882 4950 (n
919 4889 1016 4938 del.
1057 4887 1182 4952 m2),
1224 4889 1362 4950 leges
1400 4886 1429 4936 λ
1660 4888 1717 4936 71
1761 4894 1899 4936 actes
1944 4889 2000 4950 V,
2040 4894 2202 4937 actore
2241 4887 2270 4937 λ
2500 4888 2563 4938 72
2595 4895 2706 4949 post
2743 4887 2808 4938 73
2847 4886 2876 4936 λ
3113 4886 3176 4936 72
3215 4893 3269 4935 et
3303 4870 3404 4949 qui
3439 4887 3730 4935 discernens
3776 4889 3816 4934 V

546 4978 595 5032 (n
630 4989 673 5025 s.
714 4992 762 5022 υ.
800 4972 889 5036 m2)
934 4975 980 5023 P
1256 4976 1425 5023 scenis
1471 4974 1525 5035 T,
1568 4975 1762 5022 scoenis
1799 4972 1828 5022 λ
2095 4966 2339 5023 sub⁸ellia
2384 4976 2422 5021 V
2459 4977 2500 5036 (s
2536 4972 2627 5035 m2)
2913 4973 2976 5021 73
3013 4974 3136 5022 ssiei
3181 4974 3222 5020 V
3479 4986 3700 5021 eororam
3737 4972 3810 5022 Ρλ

546 5057 611 5108 74
648 5061 865 5122 orpheus
914 5061 999 5110 Vm
1218 5063 1398 5109 sintria
1433 5060 1478 5107 P
1682 5062 1879 5109 flamme
1914 5064 1991 5108 vel
2027 5064 2227 5124 flamme
2265 5077 2307 5109 ω
2530 5062 2592 5110 75
2633 5062 2894 5121 syderibus
2933 5061 2977 5107 P
3181 5060 3347 5107 distsfi
3376 5058 3422 5105 P
3625 5058 3690 5107 76
3726 5074 3813 5121 ge-

543 5149 708 5195 netrix
752 5148 824 5206 Vt,
879 5149 1097 5207 genitrix
1134 5153 1226 5196 cet.
1523 5146 1584 5194 77
1625 5148 1782 5195 astrix
1826 5184 1835 5195 .
1870 5183 1880 5194 .
1917 5184 1927 5194 .
1972 5146 2187 5195 theatrix
2230 5148 2273 5194 P
2549 5147 2615 5196 79
2652 5144 2767 5214 hoc]
2803 5150 2923 5195 haec
2962 5146 2991 5196 λ
3270 5142 3486 5211 tribuni]
3523 5146 3729 5193 tribium
3772 5145 3816 5191 P

543 5231 607 5284 80
643 5224 863 5284 t'rmeae
908 5235 947 5280 V
983 5236 1124 5295 (corr.
1168 5230 1256 5292 m2)
1509 5232 1568 5282 81
1613 5225 1774 5282 cordi⁸
1821 5234 1873 5292 V,
1917 5234 2073 5281 cordis
2114 5232 2187 5282 Τλ
2432 5252 2476 5282 υ.
2521 5232 2585 5283 82
2624 5237 2678 5281 in
2712 5249 2811 5293 my.
2855 5237 2953 5296 inf.
3008 5234 3048 5277 V
3285 5229 3349 5280 82
3387 5233 3614 5291 geriones
3652 5233 3738 5282 Ρω

541 5322 721 5383 triplex
762 5320 878 5369 Par.
920 5321 1061 5379 volqo
1280 5332 1511 5382 compago
1552 5336 1594 5367 ω
1807 5323 1988 5367 cimere
2032 5320 2075 5366 P
2323 5319 2388 5368 83
2426 5320 2577 5378 scylla
2621 5321 2661 5365 V
2698 5317 2788 5380 (m2
2825 5324 2880 5368 in
2914 5335 3011 5368 ras.
3055 5323 3088 5368 8
3123 5320 3265 5381 ζέει),
3309 5318 3431 5376 sylla
3471 5316 3514 5363 P
3720 5320 3813 5366 tri-

544 5408 657 5468 plex
704 5407 744 5452 V
779 5409 863 5468 (ex
899 5403 973 5452 m²
1010 5409 1062 5453 in
1100 5419 1199 5454 raa.
1244 5409 1271 5452 4
1313 5407 1431 5464 uu.)
1644 5407 1904 5453 commissa
1941 5421 1983 5453 ω
2196 5404 2257 5453 84
2297 5396 2538 5466 gorgone⁸
2584 5407 2623 5451 V
2662 5409 2705 5464 (s
2738 5403 2828 5466 m2)
3044 5404 3358 5466 hsrphsliose
3396 5405 3716 5464 quseeternis
3762 5405 3810 5462 (u

545 5495 598 5539 in
631 5507 764 5553 mr.;
807 5498 830 5540 t
865 5507 921 5539 ex
957 5507 988 5551 y
1024 5487 1113 5550 m2)
1158 5479 1353 5537 5⁰mine
1401 5491 1437 5536 V
1475 5491 1521 5550 (c
1556 5489 1656 5552 m23
1698 5496 1725 5538 εἰ
1764 5494 1817 5538 in
1851 5507 1879 5539 a
1912 5491 2059 5548 mut.)
2348 5492 2663 5553 arpsliceque
2709 5496 2762 5538 et
2809 5492 2934 5539 erini
2979 5490 3037 5553 Ρ,
3089 5492 3359 5553 arpiseque
3410 5494 3462 5537 et
3510 5491 3677 5538 crines
3721 5488 3807 5551 Τλ,

546 5577 849 5641 harpyieqne
885 5584 937 5626 et
973 5578 1197 5635 erinyies
1240 5576 1305 5636 133
1360 5575 1572 5634 fortasse
1609 5578 2014 5639 Harpalycaeque
2051 5576 2391 5637 scribendum3
2442 5592 2559 5626 nam
2597 5577 2762 5625 eodem
2797 5576 2940 5625 modo
2978 5591 3069 5638 quo
3106 5594 3155 5625 v.
3198 5578 3263 5628 20
3302 5575 3495 5625 Sirenes
3531 5575 3808 5637 siredones,

543 5697 589 5731 ο.
631 5683 698 5733 30
737 5680 907 5729 Musas
943 5680 1315 5743 Mnemosyncs,
1355 5680 1610 5727 Ausonius
1634 5681 1883 5743 Harpyias
1908 5681 2220 5743 Harpalycas
2257 5695 2428 5729 vocare
2459 5685 2623 5742 potuit
2835 5680 2900 5734 85
2938 5686 3041 5731 tres
3078 5681 3135 5741 P,
3179 5682 3242 5728 tri
3279 5679 3330 5741 λ,
3369 5646 3437 5727 tter}
3480 5679 3522 5726 T
3730 5693 3812 5727 eo·

543 5781 694 5818 mune
735 5766 825 5825 PT
1032 5769 1233 5825 sibillae
1279 5767 1376 5826 VP,
1418 5768 1629 5827 sybillae
1666 5765 1695 5815 λ
1904 5765 1970 5816 86
2008 5768 2217 5815 crimina
2260 5781 2302 5820 ω

3293 5869 3399 5922 17‘
