4630 6435
1919 449 2380 512 PROOEMIVM.
3670 479 3781 544 LV

1686 694 1738 734 ω
2002 687 2010 694 ’
3097 698 3145 757 V

1328 748 1347 791 1
1397 750 1517 794 ellax

869 798 936 848 22
1010 814 1208 855 seruus
1246 821 1309 867 ω,
1351 763 1506 861 ferus
1547 811 1587 858 0
2441 823 2629 890 pellax

867 884 932 933 23
1004 882 1271 943 Audaces
1302 890 1418 945 licii
1444 893 1598 947 nullo
1624 897 1893 953 tamenin
1919 900 2101 968 pretio
2127 903 2239 958 Car
2268 909 2324 969 C,
2435 908 2692 968 Fallaces
2729 914 2941 983 ligures
2977 920 3133 973 nullo
3169 922 3316 977 situs
3353 923 3409 978 in
3444 927 3632 993 pretio
3670 945 3767 984 car

1076 989 1256 1026 orn-(u

866 1057 930 1105 24
1004 1057 1236 1113 Vellera
1288 1062 1514 1131 depecti
1551 1070 1859 1123 nemoralia
1894 1073 2192 1129 uestifluus
2229 1077 2335 1132 Ser
2440 1082 2667 1137 Vellera
2704 1086 2959 1157 depectit
2998 1095 3301 1148 nemoralia
3338 1096 3635 1152 uestifluus
3673 1114 3765 1153 ser

1076 1148 1130 1207 Ο,
1172 1164 1269 1198 om.
1301 1167 1375 1212 w;
1415 1159 1526 1213 post
1567 1155 1646 1218 10,
1675 1157 1706 1204 5
1745 1161 1798 1205 in
1827 1160 1908 1208 Cu»
1947 1163 2063 1210 hacc
2098 1167 2333 1225 leyunlur

1069 1229 1186 1284 Iam
1235 1234 1439 1304 pelago
1478 1240 1682 1293 uolitat
1718 1252 1999 1299 mercator
2035 1250 2332 1305 uestifluus

1070 1332 1164 1370 ser

863 1400 928 1449 26
999 1401 1147 1457 Nota
1197 1409 1255 1458 et
1289 1423 1586 1474 paruorum
1627 1416 1787 1470 cunis
1825 1418 2099 1475 muliebre
2135 1424 2325 1477 scelus
2383 1428 2579 1492 ‚JNota
2625 1433 2937 1489 caledoniis
2990 1439 3221 1493 nuribus
3275 1441 3547 1497 muliebre
3603 1444 3777 1499 decus

1069 1491 1211 1544 strix
2504 1517 2644 1569 strix

777 1572 856 1633 10,
904 1573 924 1621 1
1004 1573 1307 1631 floriferum
1934 1596 1939 1602 '
2437 1599 2756 1669 floriparum

1399 1663 1593 1710 trusum

896 1710 924 1757 3
997 1728 1232 1780 passura
1271 1735 1313 1767 ω
1360 1725 1614 1786 (passura
1655 1728 1714 1790 C)
2439 1736 2632 1793 fusura

741 1795 822 1858 ll,
870 1796 931 1847 12
1003 1815 1098 1850 om.
1143 1819 1205 1866 ω,
1248 1807 1293 1853 le
1331 1810 1432 1855 nur
1468 1813 1520 1857 in
1567 1812 1607 1858 Ο

735 1881 815 1940 13,
892 1883 922 1931 3
989 1893 1100 1947 pont
1135 1907 1184 1938 υ.
1230 1821 1414 1946 199Et
1464 1895 1613 1962 quod
1652 1905 2061 1970 nonnumquam
2098 1921 2331 1972 praesu·-
2434 1910 2649 1967 Ennius
2696 1921 2760 1967 ut
2807 1926 3079 1974 memorat
3125 1925 3316 1990 replea
3364 1930 3421 1978 te
3472 1926 3771 1982 laetificum

1064 1973 1166 2027 mit
1204 1975 1508 2032 laetificum
1546 1996 1657 2047 gau
2496 2014 2608 2065 gau

892 2057 920 2104 4
994 2073 1087 2109 om.
1133 2078 1193 2122 ω,
1237 2065 1419 2124 loquar
1455 2070 1508 2115 in
1554 2069 1606 2128 C,
1647 2071 1733 2119 uba·
1769 2074 1961 2142 coquit
2430 2092 2638 2151 coquat

890 2143 918 2189 5
945 2159 1026 2205 sqq
1086 2143 1245 2198 Scire
1284 2149 1452 2201 uelim
1491 2154 1774 2223 catalepta
1812 2157 2006 2226 legens
2043 2163 2177 2230 quid
2205 2180 2325 2231 sig·
2430 2168 2539 2221 Dic
2576 2172 2711 2239 quid
2751 2175 3072 2242 significent
3110 2182 3393 2250 catalepta
3431 2200 3675 2240 maronis
3714 2205 3770 2241 ιιι

1060 2230 1255 2286 nificet
1293 2239 1387 2289 tau
2496 2255 2582 2308 lus
2619 2258 2672 2310 al

991 2314 1064 2367 Et
1100 2319 1250 2385 quod
1286 2336 1554 2388 germano
1590 2327 1824 2382 mixtum
1863 2333 2007 2386 male
2035 2332 2314 2390 letiferum
2423 2339 2708 2396 Celtarum
2746 2349 2939 2413 posuit
2976 2353 3231 2421 sequitur
3260 2371 3368 2408 nou
3397 2357 3642 2411 lucidius
3671 2366 3765 2413 tau

1059 2403 1170 2456 min
1214 2409 1267 2470 C,
1308 2424 1404 2461 om.
1450 2428 1492 2460 ω

988 2485 1289 2558 Imperium
1340 2495 1497 2550 litem
1549 2514 1810 2556 uenerem
1861 2519 1959 2558 cur
2002 2522 2112 2560 una
2158 2515 2320 2565 notet
2424 2514 2725 2583 Imperium
2770 2520 2929 2575 litem
2966 2538 3227 2581 uenerem
3252 2539 3367 2582 'cur
3403 2546 3572 2600 saepe
3608 2539 3770 2586 notat

1061 2591 1151 2629 res
2496 2617 2585 2657 res

987 2657 1144 2714 Sitne
1182 2668 1464 2733 peregrini
1502 2686 1613 2724 uox
1651 2675 1892 2729 nominis
1929 2695 1998 2731 au
2040 2679 2161 2734 latii
2200 2684 2268 2736 sil
2419 2686 2597 2742 Estne
2634 2694 2916 2760 peregrini
2956 2711 3067 2750 uox
3106 2701 3345 2755 nominis
3382 2719 3451 2756 an
3488 2703 3610 2757 latii
3649 2705 3717 2758 sil

985 2745 1275 2804 Liutribus
1312 2752 1367 2806 in
1404 2757 1643 2820 geminis
1681 2768 2002 2817 constratus
2038 2772 2212 2833 ponto
2239 2771 2314 2822 sit
2420 2772 2493 2825 Et
2537 2790 2648 2843 quo
2693 2793 2957 2843 germano
3006 2782 3239 2837 mixtum
3290 2788 3435 2841 male
3482 2788 3763 2844 letiferum

1060 2849 1130 2886 au
1167 2849 1308 2901 pons
2491 2862 2603 2915 min

2415 2946 2704 3003 Lintribus
2748 2951 2803 3003 in
2841 2953 3080 3018 geminis
3119 2964 3441 3015 constratus
3480 2968 3652 3028 ponto
3691 2965 3765 3018 sit

2487 3050 2558 3087 au
2595 3051 2738 3103 pons

586 3090 654 3143 Ε.
701 3091 813 3147 1111
853 3096 920 3146 69
991 3116 1084 3150 om.
1131 3118 1174 3152 ω

2884 3205 2904 3243 t

847 3220 911 3268 70
982 3219 1410 3297 Anticiramque
1448 3231 1611 3301 bibas
2415 3247 2825 3324 Antissipesqlle
2863 3256 3051 3324 uiuum

846 3306 911 3355 87
983 3323 1080 3358 om.
1123 3329 1165 3361 ω
2716 3400 2721 3403 ,

844 3392 910 3441 94
983 3401 1146 3462 potes
1182 3400 1369 3454 ostolo
2418 3425 2635 3489 poteris
2671 3432 2763 3480 teo

809 3476 900 3526 101
978 3478 1182 3535 Totam
1221 3524 1232 3536 .
1269 3525 1281 3537 .
1315 3526 1326 3538 .
1367 3503 1640 3544 uacunam
2412 3508 2642 3563 'Portam
2683 3552 2694 3563 .
2729 3554 2740 3565 .
2774 3555 2786 3568 .
2828 3516 2917 3569 uel
2958 3534 3159 3583 agnam

817 3563 833 3611 1
847 3566 911 3614 04
985 3563 1216 3622 lauerna
2418 3596 2653 3651 taberna

545 3651 614 3703 E.
663 3652 797 3706 VIII
843 3658 902 3707 14
974 3658 1115 3715 Vale
1153 3666 1342 3720 ualere
1380 3669 1428 3722 si
1467 3673 1626 3726 uoles
1663 3690 1750 3728 me
1789 3678 1877 3730 uel
1918 3681 2047 3733 uola
2411 3688 2695 3758 Nugarum
2732 3702 2956 3751 ueteres
2994 3714 3121 3752 cum
3155 3701 3276 3755 sale
3313 3703 3604 3773 relliquias

661 3754 710 3792 e.
752 3741 836 3805 35,
880 3746 910 3795 8
984 3762 1176 3802 uerum
2415 3776 2557 3831 bene
2595 3781 2680 3834 ais

874 3831 905 3879 9
976 3830 1130 3901 Agat
1166 3837 1384 3893 irascor
2410 3861 2634 3920 Irascor
2667 3866 2910 3923 Proculo

660 3927 708 3964 e.
750 3916 836 3977 41,
879 3916 908 3966 3
981 3922 1167 3974 omnia
1203 3925 1307 3977 rufi
2410 3948 2515 4003 hec
2552 3953 2660 4006 siui
2699 3962 2960 4012 coustant

651 4012 698 4049 e.
742 4000 827 4064 68,
872 4003 902 4050 3
974 4002 1036 4057 In
1082 4011 1365 4078 proprium
1414 4022 1475 4068 ut
1519 4018 1753 4076 redeant
1802 4024 1916 4078 tela
1953 4013 2174 4082 retorta
2207 4046 2297 4085 ca-
2402 4032 2705 4092 Auctorem
2745 4046 2807 4094 ut
2844 4041 3049 4099 feriant
3088 4047 3201 4100 tela
3238 4054 3449 4103 retorta
3487 4066 3645 4104 suum

1042 4099 1144 4159 put
1188 4100 1367 4158 (manu
1416 4103 1482 4164 Τ)

650 4184 698 4221 e.
744 4174 828 4233 71,
878 4176 894 4224 1
975 4192 1006 4229 e
1042 4183 1250 4249 populo
1290 4224 1300 4234 .
1337 4225 1348 4236 .
1382 4230 1393 4241 .
1438 4203 1634 4255 egrum
2406 4210 2594 4275 gaium
2635 4252 2646 4263 .
2681 4254 2692 4264 .
2725 4254 2737 4266 .
2781 4216 2911 4269 olim

647 4270 696 4307 e.
740 4258 824 4320 95,
875 4261 892 4309 1
971 4262 1118 4318 alma
1159 4306 1171 4320 .
1205 4308 1216 4319 .
1252 4309 1262 4320 .
1305 4272 1549 4337 gliceras
2403 4310 2537 4349 ecce
2576 4337 2587 4348 .
2624 4339 2635 4349 .
2667 4340 2679 4352 .
2721 4301 2941 4356 diseros

844 4346 903 4395 12
977 4348 1198 4407 Phedra
1248 4363 1307 4409 et
1355 4360 1526 4415 elissa
1574 4364 1677 4418 tibi
1726 4367 1862 4421 dent
1900 4370 2158 4441 laqueum
2197 4386 2298 4432 aut
2404 4381 2564 4446 Quod
2603 4385 2714 4438 sibi
2753 4395 3052 4442 suaserunt
3085 4390 3303 4458 phedra
3340 4401 3399 4446 et
3436 4396 3607 4449 elissa
3643 4397 3745 4449 da-

1036 4437 1286 4503 gladium
2472 4469 2614 4524 bunt

830 4520 892 4568 13
965 4521 1300 4594 Precipitem
1347 4533 1550 4601 pelago
1587 4538 1677 4591 uel
1714 4540 1982 4598 leucados
2021 4547 2168 4613 elige
2205 4567 2294 4605 ru·
2398 4555 2560 4620 Quod
2599 4574 2807 4613 canace
2844 4560 3147 4632 phillisque
3185 4571 3243 4616 et
3280 4564 3575 4621 fastidiata
3606 4569 3744 4636 pha-

1040 4625 1164 4677 pem
2468 4643 2612 4696 onis.

653 4757 790 4822 Has
834 4761 1180 4847 scripturas
1225 4768 1281 4833 si
1325 4774 1840 4862 perlustraveris,
1897 4784 2087 4852 facile
2133 4790 2476 4877 intelleges
2523 4799 2777 4865 codices
2808 4826 2861 4864 ω
2908 4803 3294 4871 foedissimis
3341 4807 3741 4874 librariorum
3840 4819 3923 4855 s

480 4879 857 4944 commentis
920 4882 1309 4953 deformatos
1357 4913 1525 4960 esse.
1622 4902 1855 4968 etenim
1900 4906 1969 4971 id
2016 4911 2185 4991 quod
2230 4914 2358 4978 iam
2408 4937 2604 5002 supra
2650 4922 2964 5007 diximUS,
3034 4927 3351 5010 epistulae
3397 4929 3553 4994 VIII
3597 4952 3743 4996 ver-

481 5014 593 5060 sus
653 4999 949 5085 ultimus,
1018 5006 1129 5088 qui
1173 5008 1616 5100 interciderat,
1686 5027 1923 5090 temere
1971 5033 2304 5115 suppletus
2353 5045 2453 5103 est
2496 5061 2685 5106 versu
2733 5064 2811 5108 ex
2857 5046 2988 5110 alia
3033 5048 3309 5130 epistula
3355 5048 3732 5137 desumpto;

478 5113 666 5181 XVII
713 5122 813 5199 31,
877 5127 900 5184 1
968 5123 1133 5190 illud
1204 5131 1501 5199 ‘Lucius'
1563 5138 1703 5205 sine
1763 5143 1954 5210 dubio
2000 5152 2354 5233 profectum
2402 5167 2502 5224 est
2545 5180 2625 5225 ex
2673 5163 3007 5249 lemmate,
3077 5189 3203 5251 quo
3247 5171 3429 5237 illato
3474 5174 3736 5238 verbum

487 5235 760 5320 ‘fulget'
808 5246 1148 5326 expulsum
1197 5259 1328 5331 est;
1395 5267 1615 5341 aperte
1662 5262 1897 5330 falsum
1944 5278 2076 5350 est,
2146 5276 2314 5356 quod
2362 5278 2597 5361 legitur
2641 5283 2736 5347 XI
2784 5290 2854 5363 2,
2914 5291 2993 5351 38
3051 5294 3269 5355 ‘natos
3315 5292 3428 5356 tris
3472 5314 3737 5359 numero

471 5359 715 5437 geuui'‚
770 5363 966 5445 plane
999 5366 1259 5452 ineptae
1300 5377 1652 5461 scripturae
1685 5384 1847 5449 XXI
1881 5392 1936 5467 2,
1980 5394 2080 5471 63,
2136 5393 2355 5460 XXVI
2388 5402 2445 5477 2,
2488 5406 2592 5465 50.
2634 5409 2736 5485 55,
2791 5407 3041 5472 XXVII
3074 5416 3130 5489 6,
3181 5416 3199 5473 1
3245 5419 3308 5477 et
3345 5415 3455 5485 12:
3511 5418 3569 5494 9,
3618 5419 3727 5481 12;

472 5495 533 5539 e.
587 5482 687 5557 71,
751 5486 816 5559 1;
872 5487 973 5563 95,
1034 5493 1088 5567 1,
1145 5512 1304 5573 quas
1349 5498 1459 5579 qui
1503 5501 1789 5569 Ausonio
1835 5508 2091 5592 tribuat,
2147 5524 2362 5582 mente
2409 5518 2752 5589 destitutus
2799 5547 2944 5594 esse
2990 5530 3306 5598 videatur.
3401 5556 3479 5599 ac
3525 5556 3734 5601 nonne

471 5593 566 5675 is,
617 5599 726 5681 qui
774 5622 1001 5671 versus
1049 5609 1235 5675 XVII
1281 5618 1380 5695 30,
1438 5624 1511 5697 ὃς
1584 5625 1684 5703 34,
1740 5631 1777 5687 5
1813 5647 1948 5710 sq.;
2017 5652 2074 5696 e.
2129 5637 2229 5716 95,
2291 5641 2369 5700 12
2417 5647 2482 5705 et
2532 5646 2606 5707 13
2655 5648 3008 5730 compegit,
3078 5654 3339 5719 stultum
3403 5676 3472 5721 se
3536 5658 3734 5724 fuisse

468 5713 785 5785 homiuem
846 5729 1159 5810 ostendit,
1235 5734 1690 5808 balbutientem
1753 5748 1961 5829 potius
2007 5772 2201 5833 quam
2249 5756 2662 5839 loquentem?
2746 5769 2901 5848 quid
2948 5771 3117 5835 enim
3163 5795 3404 5856 quaeso
3451 5779 3572 5842 sibi
3620 5800 3733 5843 vo-
