4630 6435
2061 1347 2403 1403 SANchs

1864 1460 2138 1533 AMOR
2191 1461 2595 1535 PATRIAE

757 3071 1027 3137 Ausonii
1084 3071 1282 3138 vitam
1328 3070 1607 3136 breviter
1651 3076 2023 3135 enarratum
2068 3070 2226 3136 mihi
2274 3079 2423 3139 ante
2468 3073 2682 3139 omnia
2726 3074 2958 3157 quibus
3003 3095 3158 3140 usus
3203 3077 3285 3141 sit
3326 3076 3439 3142 ille
3484 3076 3846 3143 nominibus
3873 3093 3933 3132 1³2³
3956 3094 4140 3134 Ausonii
4169 3094 4262 3133 vita

587 3192 1030 3277 exponendum
1093 3212 1239 3259 esse
1299 3191 1573 3257 videtur.
1669 3210 1815 3255 nam
1881 3209 2268 3274 quamquam
2334 3213 2479 3260 eum
2543 3194 2934 3261 nominatum
2997 3215 3143 3262 esse
3199 3196 3580 3263 Decimum
3637 3198 3844 3281 Mag-

583 3332 744 3376 num
791 3313 1205 3378 Ausonium
1265 3312 1642 3397 optimorum
1705 3311 2114 3377 confirmatur
2171 3313 2479 3380 librorum
2531 3314 2696 3399 fide,
2763 3324 2978 3383 tamen
3025 3317 3307 3398 mendis,
3376 3337 3542 3400 quae
3588 3324 3734 3383 sunt
3776 3318 3843 3382 in

585 3431 909 3498 codicibus
972 3433 1459 3512 recentioribus,
1530 3453 1610 3499 ea
1668 3452 1772 3498 res
1829 3434 2173 3499 obscurata
2231 3441 2331 3500 est
2389 3442 2581 3519 atque
2638 3437 2706 3500 in
2769 3435 3034 3502 dubium
3080 3445 3329 3503 vocata.
3424 3437 3841 3521 gravissimos

580 3551 775 3636 igitur
835 3559 1034 3619 testes
1094 3553 1406 3619 habemus
1465 3552 1748 3619 codicem
1810 3555 1876 3618 S.
1930 3553 2109 3619 Galli
2155 3556 2280 3619 899
2341 3562 2406 3621 et
2456 3557 2943 3624 Bruxellensem
2993 3560 3197 3632 5370,
3264 3558 3331 3623 in
3390 3558 3621 3642 quibus
3682 3557 3842 3625 haee

581 3673 883 3756 leguntur
935 3674 1217 3739 ‘Decimi
1262 3674 1481 3758 Magni
1524 3673 1791 3739 Ausonii
1839 3674 2134 3739 Mosella’
2160 3677 2243 3757 ¹),
2311 3681 2503 3758 atque
2563 3677 2788 3743 eadem
2835 3677 3094 3743 nomina
3137 3699 3522 3762 quamquam
3568 3680 3838 3765 primum

585 3793 814 3859 leviter
857 3801 1219 3879 corruptum
1266 3794 1529 3861 exhibet
1557 3793 1721 3859 liber
1750 3793 2078 3860 Parisinus
2110 3797 2298 3875 8500,
2352 3794 2421 3860 in
2467 3815 2591 3878 quo
2636 3797 2980 3880 quinquies
3034 3800 3261 3881 (VIIII,
3300 3799 3448 3881 XX,
3502 3801 3579 3864 E.
3616 3801 3841 3865 XXIII

579 3914 644 3979 in
689 3913 1136 3998 inscriptione,
1207 3914 1458 3979 XVIIII
1503 3919 1568 3978 et
1608 3913 1675 3977 in
1719 3914 2136 3999 inscriptione
2182 3922 2247 3982 et
2290 3915 2359 3981 in
2405 3917 2893 4003 subscriptione)
2921 3922 2966 4002 2)
3034 3919 3195 3985 haec
3253 3919 3663 3986 inveniuntur
3719 3921 3839 3986 ad-

579 4034 745 4100 iecta
796 4034 1009 4100 ‘Decii
1054 4033 1273 4117 Magni
1319 4033 1632 4098 Ausonii'.
1731 4054 1872 4100 cum
1933 4036 2224 4102 Parisino
2281 4043 2496 4102 autem
2558 4038 2872 4104 consentit
2933 4039 3136 4105 codex
3182 4041 3537 4108 Vossianus
3582 4041 3640 4120 Q
3689 4044 3830 4118 107,

581 4155 689 4237 qui
745 4155 812 4220 in
874 4154 1155 4220 carmine
1208 4154 1289 4219 de
1348 4153 1612 4220 urbibus
1670 4155 1993 4221 nobilibus
2051 4157 2340 4240 (XVIIII)
2394 4158 2662 4224 eandem
2725 4159 2921 4225 habet
2966 4160 3464 4246 inscriptionem.
3560 4161 3838 4245 denique

586 4276 854 4342 alterum
902 4295 1133 4341 nomen
1180 4281 1504 4340 servatum
1551 4281 1649 4340 est
1693 4275 1761 4340 in
1807 4276 2025 4342 codice
2070 4277 2661 4362 Magliabecchiano
2707 4280 2738 4344 I
2784 4284 2857 4361 6,
2912 4284 3026 4363 29,
3092 4282 3159 4346 in
3218 4302 3344 4364 quo
3397 4282 3560 4348 haec
3604 4282 3841 4366 legitur

580 4395 905 4482 inscriptio
972 4396 1189 4474 ‘Quod
1247 4402 1637 4480 compertum
1698 4402 1799 4462 est
1842 4416 1922 4463 ex
1968 4397 2128 4464 libro
2172 4401 2395 4482 magni
2439 4400 2705 4466 Ausonii
2752 4407 2938 4485 poete
2984 4401 3316 4484 sequitur'.
3409 4402 3569 4467 nihil
3622 4408 3836 4468 autem

579 4516 985 4582 tribuendum
1044 4522 1142 4581 est
1200 4516 1296 4582 eis
1354 4516 1715 4598 codicibus,
1782 4516 1848 4582 in
1907 4518 2167 4600 quibus*
2194 4519 2517 4585 Paeonius
2578 4520 2811 4586 dicitur
2854 4521 3212 4604 Ausonius,
3278 4521 3478 4587 veluti
3537 4521 3836 4588 Escoria-

580 4637 743 4702 lensi
803 4636 898 4702 III
944 4639 989 4702 S
1037 4639 1117 4699 25
1179 4634 1447 4718 eiusque
1506 4636 1686 4701 fratri
1749 4639 2059 4720 gemello,
2126 4658 2207 4704 ex
2266 4659 2391 4722 quo
2450 4638 2637 4704 fluxit
2693 4640 2891 4706 editio
2948 4641 3268 4725 princeps.
3377 4641 3546 4725 quod
3607 4662 3834 4707 nomen

578 4755 728 4824 inde
790 4764 993 4823 ortum
1050 4777 1194 4823 esse
1254 4763 1427 4823 recte
1485 4758 1796 4843 suspicati
1857 4766 2006 4825 sunt
2063 4758 2332 4824 Vinetus
2399 4763 2484 4845 (p.
2538 4765 2575 4825 6
2623 4780 2646 4824 1
2707 4762 2827 4844 K),
2901 4761 3202 4826 Barthius
3273 4761 3456 4844 (Adv.
3517 4761 3605 4825 VI
3652 4765 3826 4846 259),

755 5069 801 5130 l)
844 5071 969 5120 adde
994 5071 1350 5132 inscriptiones
1376 5071 1646 5120 Caesarum
1681 5072 1841 5133 (XXI)
1876 5073 1927 5119 in
1957 5073 2306 5121 Laurentiauis
2334 5073 2529 5120 Lxllll
2554 5072 2605 5133 9,
2638 5074 2980 5121 Lxxxvml
3000 5074 3093 5122 ins.
3123 5073 3170 5134 8,
3205 5074 3528 5135 Neapolitano
3555 5076 3655 5123 1111
3683 5076 3721 5124 O
3748 5077 3831 5137 25,

580 5157 927 5216 Glasgoviensi
966 5157 1009 5204 V
1035 5156 1084 5218 3,
1122 5155 1200 5216 11,
1246 5157 1626 5219 inscriptionem
1665 5158 1864 5216 eglogae
1899 5157 1962 5206 de
1997 5158 2323 5216 ambiguitate
2358 5158 2618 5217 eligendae
2657 5160 2790 5206 vitae
2834 5159 3118 5220 (XXVIIII)
3159 5161 3211 5206 in
3249 5160 3641 5219 Guelferbytano
3681 5161 3831 5223 (Gud.

586 5241 697 5303 145)
740 5247 792 5289 et
826 5240 1076 5291 Marciano
1116 5243 1223 5302 (lat.
1264 5243 1325 5291 cl.
1369 5243 1468 5292 XII
1505 5243 1614 5292 cod.
1656 5243 1764 5304 69).
1840 5243 2052 5304 titulus,
2107 5258 2258 5306 quem
2294 5245 2352 5292 in
2388 5244 2590 5306 praedio
2625 5245 2823 5307 Iosephi
2859 5244 3082 5294 Cassiani
3122 5248 3356 5294 effossum
3394 5249 3585 5296 amicus
3632 5248 3835 5309 quidam

582 5328 824 5376 indicavit
865 5328 1111 5389 Scaligero
1155 5329 1289 5388 (lect.
1332 5331 1456 5377 Ans.
1498 5331 1548 5376 11
1578 5328 1681 5390 23),
1726 5329 1874 5377 DEC.
1916 5329 2149 5378 AVSON.
2192 5330 2330 5379 COS.
2373 5329 2768 5378 OLYMPIADE
2805 5332 3098 5392 Lxxxul,
3138 5332 3263 5394 quin
3300 5347 3329 5380 a
3365 5334 3561 5380 falsario
3596 5336 3837 5382 confictus

581 5415 677 5472 sit,
732 5413 950 5461 dubitari
998 5429 1098 5464 non
1146 5421 1311 5478 potest
1377 5415 1459 5477 (cf.
1500 5415 1738 5465 Brandes.
1782 5417 1908 5465 Ans.
1949 5421 2141 5477 quaest.
2185 5431 2323 5477 spec.
2363 5418 2510 5480 prim.
2554 5417 2863 5477 Brunsvigae
2899 5417 3343 5466 MDCCCLXXVI
3381 5433 3430 5481 p.
3474 5419 3548 5480 8).
3621 5422 3834 5468 Ausonii

581 5513 758 5549 nomen
782 5536 794 5559 ,
837 5514 1133 5562 quamquam
1174 5503 1411 5549 Latinum
1448 5507 1620 5562 sonat,
1663 5502 1880 5550 Gallicae
1918 5507 2084 5550 tamen
2122 5503 2330 5562 originis
2366 5518 2479 5552 esse
2519 5503 2746 5565 videtur,
2797 5505 2863 5553 cs.
2907 5504 3097 5567 ZeusS,
3139 5505 3223 5553 Gr.
3267 5503 3411 5555 celt.2
3448 5505 3574 5568 734,
3629 5507 3836 5554 Diet'en·

579 5586 721 5646 bach,
762 5585 954 5635 Celtica
990 5586 1036 5633 11
1078 5586 1123 5648 l,
1165 5586 1297 5649 313,
1340 5587 1660 5647 Baemeister,
1705 5587 2090 5636 Alemannische
2130 5589 2520 5650 Wanderungen
2558 5591 2579 5636 1
2615 5589 2697 5640 36.

750 5673 797 5730 2)
840 5673 1061 5720 numeris
1108 5671 1293 5733 quibus
1341 5672 1516 5720 littera
1561 5687 1659 5721 non
1705 5679 1783 5722 est
1830 5675 2021 5723 adiecta
2072 5676 2351 5735 significavi
2390 5677 2600 5724 Ausonii
2637 5678 2876 5739 opuscula
2912 5691 2970 5723 eo
3005 5677 3208 5736 ordine,
3264 5691 3360 5737 quo
3397 5677 3448 5724 in
3487 5677 3577 5724 hac
3613 5677 3832 5726 editione

581 5756 775 5822 digesta
811 5764 957 5820 sunt3
999 5758 1327 5820 epistularum
1365 5759 1588 5808 numeris
1629 5761 1684 5822 Β,
1727 5762 2136 5825 epigrammatum
2173 5775 2218 5824 e,
2262 5776 2452 5825 eorum,
2492 5776 2617 5823 quae
2654 5763 2936 5826 appendice
2974 5763 3314 5820 continentur,
3357 5764 3401 5811 Α
3438 5763 3694 5827 adscripsi.
