4630 6435
820 448 935 508 134
2286 441 2594 497 AVSONII

808 634 1235 714 concinerent,
1290 634 1539 699 insulsa
1582 633 1969 718 resiperent,
2025 632 2241 697 hiulca
2285 639 2738 715 congruerent,
2793 632 3069 714 denique
3115 632 3429 698 baberent
3471 639 3537 698 et
3579 653 3800 697 amara
3845 632 4067 697 dulce-

807 738 1024 803 dinem
1085 745 1151 803 et
1209 738 1428 822 inepta
1484 758 1786 803 venerem
1842 742 1906 801 et
1961 755 2193 820 aspera
2261 735 2613 800 levitatem.
2724 752 2889 819 quae
2946 736 3204 819 quidem
3272 736 3520 817 omnia,
3597 736 3897 818 quoniam
3962 736 4065 799 in-
4107 757 4131 794 ⁵

805 841 1027 905 suavis
1073 841 1342 907 materia
1386 841 1791 921 devenustat,
1845 840 2034 905 lectio
2080 838 2366 922 benigna
2411 838 2724 905 conciliet.
2819 846 2887 904 tu
2918 859 3170 923 quoque
3203 839 3359 905 mihi
3391 845 3505 904 tua
3533 840 3724 905 crede
3759 839 4058 918 securior,

805 945 1041 1029 quippe
1088 946 1373 1026 meliora,
1426 951 1514 1021 ut,
1567 943 1739 1027 quod
1768 964 1885 1030 per
1913 942 2304 1026 adagionem
2337 943 2686 1027 coepimus,
2739 943 3076 1027 proverbio
3105 944 3405 1010 finiamus
3438 950 3504 1009 et
3555 948 3880 1009 ‘mutuum
3910 943 4067 1007 muli

807 1048 1101 1132 scalpant
1116 1048 1151 1111 ’.

1432 1136 1435 1143 ’
1478 1152 1753 1216 Aemula
1798 1150 1925 1229 dis,
1980 1157 2247 1215 naturae
2292 1149 2638 1232 imitatrix,
2691 1149 3099 1233 omniparens
3496 1170 3601 1214 ars
3624 1202 3638 1230 ,
3798 1168 4065 1230 (νοοοω)

1479 1255 1718 1319 Pacato
1765 1261 1835 1318 ut
1880 1253 2137 1319 studeat
2182 1252 2375 1318 ludus
2421 1272 2638 1335 meus,
2693 1259 2829 1318 esto
2875 1252 3053 1337 operi
3490 1253 3639 1318 duX.

1479 1365 1650 1437 arta,
1705 1357 2046 1424 inamoena
2092 1357 2244 1422 licet
2285 1375 2406 1421 nec
2451 1376 2734 1439 congrua
2781 1356 3169 1421 carminibus
3504 1356 3635 1436 lex,

1477 1461 1689 1527 iudice
1735 1462 1853 1526 sub
1900 1468 2074 1526 tanto
2122 1459 2300 1525 fandi
2347 1466 2562 1525 tamen
2607 1460 2882 1544 accipiet
3500 1460 3637 1526 ius:

1479 1566 1717 1650 quippe
1762 1572 1828 1630 et
1871 1564 2159 1629 ridiculis
2205 1564 2360 1629 data
2405 1564 2641 1647 gloria,
2698 1563 2764 1627 ni
2810 1564 3105 1649 prohibet
3487 1564 3639 1630 fors.

2094 1812 2157 1877 5.
2215 1812 2330 1876 DE
2376 1811 2780 1877 MEMBRIS.

1480 1985 1734 2051 Iudicat
1777 1985 1841 2049 in
1887 1984 2104 2068 pueris
2150 1984 2485 2068 septennia
2531 1985 2736 2069 prima
2781 2005 2988 2049 novus
3445 1986 3640 2067 dens,
3971 2004 4061 2053 341

1481 2090 1797 2174 pubentes
1844 2108 2046 2154 annos
2092 2087 2411 2153 robustior
2454 2088 2764 2172 anticipat
3497 2109 3642 2153 vox.
3797 2093 4065 2155 (VQOCw)

1476 2193 1718 2258 invicta
1762 2198 1825 2256 et
1872 2192 2079 2257 ventis
2126 2198 2190 2256 et
2235 2191 2479 2256 solibus
2528 2198 2626 2256 est
2670 2191 2994 2256 hominum
3265 2230 3274 2239 ·
3444 2192 3640 2257 frons.

1478 2296 1747 2362 edurum
1791 2295 1971 2360 nervi
2018 2314 2160 2359 cum
2205 2294 2455 2359 viscere
2502 2294 2872 2360 consociant
3545 2316 3639 2360 os.

1479 2400 1752 2484 palpitat
1795 2398 2149 2480 inrequies,
2205 2405 2544 2481 vegetum,
2596 2404 2798 2480 teres,
2853 2418 3034 2471 acre,
3089 2399 3308 2463 calens
3501 2420 3639 2480 cor,

1480 2502 1651 2568 unde
1696 2502 1919 2585 vigent
1963 2521 2226 2581 sensus,
2282 2501 2666 2566 dominatrix
2713 2520 2872 2583 quos
2916 2508 3177 2584 vegetat
3429 2522 3639 2583 menS,

1478 2614 1670 2690 atque
1713 2607 1780 2670 in
1826 2606 2023 2671 verba
2067 2605 2262 2670 refert
2306 2604 2638 2670 modulata
2681 2605 2829 2688 lege
2876 2606 3109 2687 loquax
3548 2626 3642 2671 os.

1477 2731 1668 2793 quam
1714 2708 2005 2774 validum
2050 2716 2181 2788 est,
2236 2708 2510 2773 hominis
2556 2714 2751 2790 quota
2793 2708 3031 2792 portic,
3085 2710 3450 2774 caeruleum
3514 2709 3634 2775 fel!

1477 2835 1667 2898 quam
1712 2819 1904 2878 tenue
1951 2820 2016 2878 et
2060 2814 2291 2877 molem
2338 2818 2645 2894 quantam
2693 2811 2817 2878 fert
2863 2831 3229 2897 corpoream
3465 2816 3636 2878 crus!

1310 2937 1369 2978 ιο
1477 2917 1759 3003 pondere
1807 2917 1925 2982 sub
1974 2923 2209 2998 quanto
2254 2920 2540 2979 nostrum
2587 2915 2956 2981 moderatur
2998 2915 3122 2980 iter
3491 2909 3637 3001 pes‘!

2045 3164 2111 3230 6.
2170 3163 2282 3228 DE
2328 3162 2825 3230 INCONEXIS.

1481 3339 1691 3422 Saepe
1736 3338 1803 3401 in
1850 3337 2165 3419 coniugiis
2211 3337 2281 3401 fit
2328 3339 2545 3418 noxia,
2601 3338 2656 3403 si
2702 3339 2905 3404 nimia
2950 3347 3077 3414 est,
3502 3340 3640 3405 dos.
3972 3357 4070 3408 342

1481 3461 1674 3506 sexus
1719 3447 1987 3522 uterque
2034 3448 2295 3524 potens,
2351 3449 2449 3507 set
2496 3443 2829 3526 praevalet
2872 3443 3138 3526 imperio
3480 3462 3637 3508 mas.
3851 3444 4063 3502 (VOCw'J

1479 3545 1591 3627 qui
1636 3550 1808 3610 recte
1856 3543 2079 3625 faciet,
2133 3564 2256 3608 non
2303 3545 2416 3627 qui
2463 3544 2825 3610 dominatur
2869 3546 2989 3610 erit
3505 3566 3637 3611 rex.

1480 3653 1673 3712 vexat
1716 3647 2035 3712 amicitias
2080 3654 2146 3712 et
2190 3647 2453 3713 foedera
2498 3647 2807 3712 dissociat
3536 3647 3642 3712 lis.

985 3889 1045 3944 5.
1122 3893 1139 3941 ¹
1187 3891 1286 3941 Sol.
1328 3891 1410 3952 27,
1462 3890 1477 3939 l
1513 3906 1587 3952 sq.
1629 3893 1685 3941 B.
1730 3894 1848 3947 παῖς
1888 3891 1979 3957 μὲν
2018 3889 2207 3958 ἄνηβος
2245 3888 2343 3942 ἐὼν
2382 3888 2456 3941 ἔτι
2491 3890 2672 3958 νήπιος
2711 3888 2858 3962 ἕρκος
2896 3890 3114 3943 ὀδόντων
3154 3891 3314 3961 φύσας
3353 3891 3592 3960 ἐκβάλλει
3630 3899 3827 3961 πρῶτον
3867 3894 3919 3946 ἐν
3959 3891 4072 3944 ἕπτ’

815 3978 972 4029 ἔτεσιν
1012 3980 1143 4028 Geli.
1180 3979 1237 4026 N.
1271 3979 1331 4028 Α.
1376 3979 1450 4026 111
1493 3977 1570 4039 10,
1609 3977 1668 4026 12
1706 3979 1886 4027 dentes
1929 4016 1939 4026 .
1972 4016 1983 4027 .
2020 4015 2031 4027 .
2073 3980 2144 4026 ait
2184 3979 2376 4036 (Varro)
2420 4015 2432 4027 .
2464 4015 2476 4027 .
2514 4015 2523 4026 .
2565 3980 2738 4026 cadere
2777 3980 2924 4027 annis
2962 3981 3194 4041 septimis
3404 3979 3434 4027 2
3473 3981 3604 4028 Plin.
3649 3982 3710 4029 N.
3753 3982 3817 4029 Η.
3861 3981 3933 4029 XI
3973 3981 4074 4036 270

816 4081 911 4114 vox
948 4068 1204 4114 roboratur
1240 4080 1268 4111 a
1304 4078 1427 4112 xun
1465 4066 1611 4113 annis

985 4148 1045 4203 6.
1120 4150 1148 4198 3
1188 4152 1300 4200 Hor.
1347 4151 1513 4211 Epist.
1557 4151 1576 4196 1
1620 4149 1665 4210 1,
1709 4149 1774 4198 59
1802 4165 1874 4212 sq.
1918 4156 1967 4197 at
2002 4153 2144 4212 pueri
2184 4151 2421 4199 ludentes
2463 4150 2579 4198 ‘rex
2619 4151 2744 4199 eris*
2783 4154 2947 4211 aiunt,
2995 4153 3067 4200 ‘si
3105 4157 3239 4201 recte
3278 4151 3453 4201 sacies'

990 4376 1018 4424 4
1069 4377 1320 4436 respirent
1374 4374 1471 4420 ΤΜ
1712 4376 1876 4423 hiulca
1916 4412 1926 4424 .
1959 4411 1972 4424 .
2007 4411 2019 4423 .
2061 4374 2304 4422 haberent
2339 4389 2435 4422 om.
2485 4375 2568 4432 VO
2814 4381 2866 4423 et
2915 4376 3154 4424 haberent
3201 4391 3366 4425 amara
3405 4376 3458 4422 M
3699 4392 3908 4425 amaram
3954 4378 4080 4442 ΤχΕ

813 4464 843 4513 5
880 4465 1052 4524 inepta
1084 4462 1186 4523 VQ,
1228 4463 1511 4509 inamenam
1536 4463 1614 4509 vel
1638 4463 1928 4524 inamenam
1956 4477 2019 4520 ω,
2061 4463 2324 4509 inamoena
2351 4462 2513 4521 Luyd.
2545 4463 2688 4522 volqo
2864 4476 3085 4524 asperam
3115 4479 3157 4511 ω
3335 4465 3594 4511 lenitatem
3634 4463 3716 4521 VQ
3901 4464 3933 4512 6
3971 4479 4077 4513 ma-

813 4551 977 4599 theria
1016 4549 1057 4607 Q
1248 4549 1444 4596 cociliet
1489 4548 1528 4595 V
1566 4549 1665 4609 (cili
1702 4545 1777 4595 m²
1812 4551 1865 4595 in
1898 4549 2024 4610 ras.)
2237 4546 2264 4595 7
2305 4549 2493 4610 quippe
2531 4565 2627 4596 om.
2662 4548 2704 4606 Q
2898 4545 2979 4614 ut]
3018 4550 3106 4597 sed
3131 4555 3192 4597 ut
3215 4566 3257 4597 ω
3449 4565 3537 4611 per
3571 4563 3667 4597 om.
3704 4551 3745 4596 Τ
3940 4552 4076 4611 agio-

814 4650 929 4685 nem
969 4634 1011 4693 Q
1218 4640 1272 4682 et
1304 4649 1401 4682 om.
1433 4650 1475 4682 ω
1686 4640 1862 4683 mutuo
1903 4634 1944 4691 O
2154 4634 2184 4683 8
2222 4635 2426 4682 scebant
2464 4651 2506 4682 ω
2545 4636 2706 4695 volyo,
2749 4634 2878 4696 quod
2914 4635 3121 4694 fortasse
3152 4635 3536 4696 praeferendum
3748 4639 3826 4684 Ite
3862 4638 4076 4699 prefatio

813 4722 982 4772 aarum
1020 4721 1456 4769 monosillabarum
1493 4734 1672 4768 uersus
1717 4721 1754 4765 V
1793 4722 1863 4779 (ὄπ
1897 4735 1997 4779 my.
2040 4719 2181 4781 1111),
2237 4721 2363 4767 Item
2401 4722 2611 4782 prefatio
2649 4723 2883 4770 uersibus
2926 4721 2967 4778 Q
3003 4727 3048 4769 et
3092 4721 3224 4783 (add.
3267 4721 3374 4782 1111)
3423 4721 3484 4780 0,
3539 4722 3790 4772 Prnefacio
3825 4729 4074 4784 quantum

811 4810 874 4858 ad
910 4809 1032 4856 baec
1068 4805 1459 4865 monosrlrorum
1497 4814 1594 4867 gna
1637 4806 1731 4869 Τχ,
1771 4807 1990 4854 Prefacio
2029 4805 2100 4868 M,
2142 4809 2334 4855 Versus
2373 4808 2722 4866 monosyllabis
2762 4809 3014 4856 terminati
3051 4809 3253 4856 exordio
3290 4809 3447 4856 libero
3485 4809 3545 4871 Ε,
3583 4810 3781 4856 nullum
3817 4811 3998 4859 lemma
4038 4808 4077 4854 C

801 4896 842 4961 *9
879 4897 977 4943 diis
1007 4894 1135 4959 ΤχΕ
1336 4894 1573 4941 imitatris
1607 4893 1649 4938 O
1861 4892 1924 4941 10
1960 4898 2174 4953 expectes
2211 4908 2326 4940 cum
2364 4893 2664 4942 Mommseno
2703 4895 2863 4942 niteat
3068 4890 3242 4959 ludus]
3277 4895 3415 4942 labor
3454 4894 3534 4942 hic
3575 4895 3659 4943 Οω
3870 4899 3949 4942 est
3990 4893 4077 4939 OC

818 4980 872 5028 11
916 4985 1054 5028 urta
1089 4982 1129 5027 V
1156 4983 1202 5042 (u
1229 4979 1401 5041 eras.),
1442 4984 1546 5027 arte
1573 4977 1685 5041 00,
1724 4985 1861 5028 arcta
1906 4980 2029 5043 ΤχΕ
2235 4981 2496 5028 inamoena
2535 4981 2692 5043 QOE,
2732 4983 2964 5029 inamena
3000 4986 3088 5028 cet.
3302 4994 3480 5041 cogrua
3520 4980 3612 5038 OT
3826 4980 3886 5029 12
3924 4981 4075 5028 fando

820 5067 952 5127 VQO
1169 5066 1227 5115 13
1266 5063 1385 5132 fors]
1421 5067 1507 5114 lex
1554 5066 1593 5111 C

987 5149 1047 5204 5·
1121 5154 1198 5201 De
1224 5154 1459 5201 membris
1491 5153 1725 5213 (menbris
1757 5152 1874 5213 ΟΜ)
1916 5152 1954 5199 V
1981 5153 2084 5214 (ubi
2110 5168 2143 5200 v
2168 5158 2282 5200 ante
2310 5155 2400 5212 De)
2435 5153 2645 5212 QOCM,
2672 5156 2930 5202 hominum
2955 5154 3071 5201 add.
3109 5155 3235 5218 ΤχΕ
3414 5153 3444 5202 2
3482 5155 3763 5216 anticiput
3797 5156 3837 5199 V
3861 5155 3898 5216 (i
3923 5155 4073 5214 eros.)

814 5239 845 5288 3
895 5241 1040 5289 verba
1078 5241 1269 5288 inuicta
1309 5276 1322 5289 .
1354 5277 1365 5287 .
1397 5276 1410 5289 .
1453 5239 1710 5287 bominum
1750 5239 1820 5286 bis
1854 5244 1973 5287 sunt
2009 5242 2210 5301 scripta,
2260 5239 2345 5288 sed
2381 5245 2582 5301 repetita
2620 5241 2780 5289 deleta
2814 5238 2888 5287 m²
2938 5241 2975 5285 V
3213 5242 3402 5288 infecta
3444 5241 3484 5287 C
3726 5241 3756 5289 4
3808 5246 3861 5289 et
3894 5242 4075 5289 durum

825 5325 961 5382 VQO
1169 5309 1420 5375 cosocisnt
1459 5327 1499 5374 V
1538 5309 1581 5387 (ὃ
1617 5341 1673 5374 e:
1713 5309 1744 5373 ὃ
1782 5323 1898 5386 m2),
1951 5329 2200 5374 consociat
2239 5326 2282 5372 Ο
2491 5341 2582 5374 cvs
2622 5327 2664 5385 Q
2711 5329 2754 5386 (c
2789 5340 2846 5374 ex
2882 5341 2912 5373 o
2945 5342 3036 5386 per
3068 5327 3212 5388 raa),
3270 5330 3324 5374 δε
3369 5326 3429 5389 0,
3472 5325 3528 5374 iis
3572 5329 3612 5375 C
3835 5328 3866 5374 5
3909 5333 3961 5375 et
3995 5341 4077 5375 re-

816 5413 964 5473 quies
1001 5426 1043 5459 ω
1253 5418 1386 5474 teer
1421 5426 1556 5460 sacre
1597 5414 1639 5472 Q
1870 5411 1902 5460 6
1940 5414 2078 5471 uiget
2120 5412 2161 5457 T
2368 5415 2480 5474 quis
2521 5413 2563 5471 0
2773 5418 2977 5474 negatat
3025 5415 3065 5460 V
3291 5413 3319 5461 7
3357 5414 3516 5475 adque
3565 5414 3603 5460 V
3809 5402 3989 5476 loqu⁸x
4039 5413 4079 5460 V

817 5498 863 5560 (a
897 5494 987 5558 m2)
1204 5495 1234 5545 8
1271 5497 1463 5546 bomini
1501 5505 1621 5547 sunt
1656 5505 1807 5561 quota
1842 5505 1982 5561 porta
2022 5499 2064 5544 O
2273 5497 2304 5546 9
2341 5505 2527 5560 quanta
2568 5499 2610 5545 Ο
2818 5515 2930 5548 crus
2978 5500 3017 5546 V
3055 5501 3098 5560 (s
3133 5497 3206 5547 πθ
3243 5503 3297 5548 in
3332 5500 3452 5559 ras.)
3675 5500 3737 5548 10
3773 5502 3937 5561 ponde
3982 5500 4025 5546 Ο

986 5580 1048 5635 6.
1118 5584 1195 5632 De
1245 5586 1506 5634 inconexis
1555 5586 1596 5632 V
1653 5587 1752 5649 (ubi
1787 5600 1842 5634 vr
1880 5590 1991 5632 onte
2040 5585 2135 5646 De)
2180 5585 2232 5648 0,
2301 5588 2377 5634 De
2424 5588 2724 5634 inconnexis
2763 5602 2825 5647 ω,
2892 5588 2968 5634 De
3015 5589 3220 5634 conexis
3272 5587 3331 5648 0,
3396 5588 3685 5635 Inconnexa
3735 5585 3896 5646 Luqd.
3939 5587 4078 5646 volvo

816 5670 838 5719 1
880 5670 1178 5730 coniugibus
1220 5669 1302 5719 Οω
1512 5669 1624 5738 dos]
1660 5686 1757 5720 uox
1804 5673 1845 5719 V
1883 5672 1984 5730 (sed
2006 5669 2081 5720 m²
2116 5675 2171 5721 in
2201 5675 2305 5720 loco
2330 5673 2561 5732 evanida)
2606 5673 2647 5730 Q
2859 5672 2888 5720 2
2929 5673 3013 5719 sed
3057 5673 3189 5730 0οω
3400 5675 3598 5741 inperio
3637 5673 3676 5723 V
3884 5670 3914 5720 3
3952 5674 4072 5738 quin

806 5757 947 5818 (ante
981 5758 1133 5819 recte)
1185 5757 1229 5804 V
1264 5758 1302 5819 (s
1339 5757 1493 5820 eras.)
1704 5759 1735 5809 4
1771 5755 1995 5824 foedera]
2030 5760 2156 5807 sotis
2196 5759 2237 5822 Q
2448 5760 2685 5810 dissociat
2729 5759 2767 5805 V
2806 5758 2849 5821 (a
2886 5774 2940 5806 ex
2977 5773 3004 5805 e
3042 5756 3131 5822 m2)
