4630 6435
873 443 1082 505 LXIV
2166 442 2408 496 INDEX
2447 442 2855 496 LIBRORVM.

1203 668 1264 715 Π
1327 666 1616 720 Parisinus
1658 666 1790 717 7558
1834 669 2098 733 (prooem.
2140 664 2319 724 XLII)

1221 758 1256 818 β
1328 752 1713 806 Bruxeliensis
1756 753 1919 803 10704
1962 755 2227 820 (prooem.
2267 750 2447 813 XLII)

1220 855 1261 889 π
1333 837 1620 891 Parisinus
1658 838 1791 889 2122
1836 841 2102 905 (prooem.
2147 835 2328 900 XLII)

1210 926 1261 974 G
1333 924 1456 977 eod.
1498 923 1554 978 S.
1598 922 1744 978 Galli
1786 925 1884 975 899
1928 925 2193 992 (prooem.
2236 921 2433 989 XLIV)

1200 1013 1254 1064 B
1323 1009 1710 1063 Bruxellensis
1749 1011 1882 1061 5370
1925 1014 2194 1079 (prooem.
2237 1009 2442 1074 XLIV)

1199 1099 1255 1149 R
1327 1097 1450 1150 cod.
1491 1097 1705 1164 Regius
1742 1112 1882 1150 mus.
1924 1096 2067 1150 Brit.
2115 1099 2175 1146 15
2202 1096 2247 1148 B
2286 1095 2534 1158 XVIIII,
2575 1110 2687 1164 quo
2725 1097 3087 1151 eontinentur
3122 1097 3175 1151 V
3212 1099 3270 1162 2;
3316 1096 3483 1151 XVII
3510 1099 3602 1160 29;
3645 1096 3927 1161 XXX111;
3971 1113 4020 1150 e.
4051 1101 4134 1150 49.

1498 1186 1562 1233 50
1606 1185 1868 1249 (prooem.
1910 1184 1972 1242 L)

1195 1270 1269 1321 W
1332 1268 1455 1322 cod.
1497 1269 1783 1322 Parisinus
1820 1269 1954 1320 4887
1995 1269 2229 1338 eiusque
2267 1268 2596 1336 apographa
2638 1273 2904 1337 (prooem.
2948 1267 3149 1332 XLIV)

1361 1356 1524 1416 Luyd.
1599 1357 1680 1405 ed.
1726 1357 2086 1416 Lugdunensis
2129 1356 2259 1404 1558

1393 1441 1524 1491 Scal.
1602 1444 1821 1504 Scaliger

1412 1529 1520 1579 Vin.
1599 1529 1819 1577 Vinctus

1257 1614 1526 1663 Amstelod.
1603 1616 1683 1664 ed.
1724 1615 2205 1663 Amstelodamensis
2249 1614 2381 1662 1750

1053 1786 1135 1845 De
1179 1787 1392 1846 ceteris
1437 1786 1740 1848 codicibus
1787 1787 1924 1847 vide
1968 1805 2123 1867 quae
2170 1788 2340 1847 initio
2385 1787 2649 1867 capitum
2696 1789 2834 1847 IIII
2870 1790 2934 1864 3,
3000 1790 3045 1849 V
3083 1791 3127 1851 2
3168 1796 3222 1849 et
3257 1791 3319 1864 9,
3376 1790 3596 1862 XVIII,
3651 1789 3802 1858 XXI,
3856 1789 4144 1847 XXVIIII

874 1891 1242 1964 —XXXIII,
1294 1891 1363 1949 E.
1418 1892 1606 1966 XVII,
1659 1893 1898 1951 XXIIII
1937 1891 2218 1970 conposui.

1048 2015 1081 2046 a»
1126 1993 1421 2072 siym’ficat
1483 1994 1746 2054 litteram
1805 2011 2090 2068 erasam;
2154 1995 2330 2054 uncis
2394 1994 2653 2076 obliquis
2712 1993 2901 2054 verba
2962 1995 3056 2055 vel
3118 1995 3351 2055 litteras
3407 2012 3492 2053 eoe
3535 1995 3884 2054 coniectura
3928 1992 4137 2053 addita

876 2095 1165 2166 indicavi,
1218 2097 1399 2156 rectis
1446 2115 1519 2157 ea
1564 2097 1774 2173 verba,
1827 2117 1982 2179 quae
2027 2105 2095 2158 ut
2139 2099 2202 2157 in
2250 2105 2486 2158 temtum
2533 2098 2708 2159 illata
2755 2098 3121 2159 secludenda
3170 2096 3555 2158 videbantur.

1050 2201 1110 2258 in
1170 2200 1444 2260 Vossiani
1489 2202 1604 2262 {m
1659 2202 1986 2280 scripturis
2033 2220 2074 2260 a
2118 2220 2306 2261 manu
2357 2202 2560 2262 altera
2598 2200 2890 2282 prosectis
2937 2200 3355 2282 siqmfieandis
3402 2202 3487 2260 ita
3534 2208 3818 2261 versatus
3865 2218 4022 2274 sum,
4072 2207 4137 2259 ut

873 2302 1108 2363 litteras
1155 2320 1353 2382 supra
1396 2306 1658 2384 scriptas
1679 2351 1695 2379 ‚
1747 2303 2057 2379 adiectas„
2121 2305 2310 2364 illitas
2357 2304 2792 2386 distinyuerem
2813 2351 2827 2378 ‚
2896 2305 3085 2365 veluti
3137 2282 3524 2365 ‘condi‘¹⁰1·am
3579 2304 3673 2382 (do
3718 2302 3862 2385 2n²)'
3913 2302 4135 2363 indicat

872 2407 946 2464 de
992 2424 1190 2485 supra
1236 2424 1316 2465 m.
1356 2407 1464 2466 alt.
1516 2408 1810 2485 seriptum
1856 2425 2006 2480 esse,
2067 2408 2478 2469 ‘condideram
2534 2409 2627 2485 (do
2659 2408 2801 2469 add.
2841 2406 2984 2489 m²)'
3033 2409 3106 2467 de
3154 2410 3217 2467 in
3264 2407 3471 2467 eadem
3519 2408 3682 2467 linea
3727 2426 3805 2468 m.
3861 2406 3970 2467 alt.
4024 2404 4136 2465 ad-

874 2509 1125 2583 iectum,
1197 2509 1610 2570 ‘condideram
1679 2507 1772 2589 (de
1817 2508 1961 2590 n1²)'
2019 2512 2094 2571 de
2142 2530 2218 2571 m.
2270 2512 2381 2571 alt.
2435 2511 2675 2571 illalum
2737 2514 2799 2572 in
2862 2515 3177 2592 antiquam
3238 2512 3613 2590 scripturam
3663 2511 3785 2569 iam
3831 2528 3950 2569 non
3995 2528 4133 2569 con-

875 2629 1174 2691 ερισιιαηι.
