4630 6435
1634 416 2058 472 EPISTVLAE
2103 416 2628 482 (XVII—XVIIII).
3643 423 3763 483 179

1003 624 1062 666 ιε
1166 606 1431 692 protulit
1474 606 1539 670 in
1589 626 1892 672 scaenam
1938 615 2091 691 quot
2135 608 2431 674 dramata
2474 609 2889 690 fabellarum,

1341 710 1657 775 Arcadiae
1705 710 1915 775 medio
1961 711 2073 793 qui
2113 711 2281 777 iacet
2326 712 2392 776 in
2439 713 2720 794 gremio:

1167 814 1270 877 vel
1318 821 1471 896 quot
1515 813 1843 878 iuncturas
1889 816 2279 897 geometrica
2324 815 2530 880 forma
2574 815 2862 880 favorum

1342 918 1619 982 conserit
1664 918 1972 983 extremis
2018 919 2314 984 omnibus
2360 926 2424 983 et
2468 918 2734 984 mediis:

1170 1027 1324 1101 quot
1367 1021 1554 1086 telios
1599 1019 1844 1105 primus
1890 1042 2194 1087 numerus
2242 1023 2546 1104 solusque
2593 1024 2929 1106 probatur,

999 1143 1059 1185 20
1342 1129 1497 1206 quot
1539 1144 1658 1208 par
1702 1131 1895 1205 atque
1939 1125 2149 1209 impar
2193 1125 2483 1210 partibus
2528 1126 2937 1210 aequiperat,

1167 1226 1268 1290 bis
1314 1234 1529 1290 ternos
1576 1233 1642 1291 et
1683 1232 1780 1291 ter
1825 1227 2011 1292 binos
2058 1228 2167 1310 qui
2214 1228 2490 1294 conserit
2534 1247 2732 1308 unuS,

1342 1330 1454 1411 qui
1501 1330 1679 1395 solus
1725 1330 1992 1395 totidem
2041 1332 2529 1414 congeminatus
2574 1332 2799 1397 habet:

1167 1441 1321 1516 quot
1363 1433 1612 1498 faciunt
1653 1433 1855 1498 iuncti
1901 1435 2247 1517 subterque
2295 1455 2620 1519 supraque
2669 1436 2891 1513 locati;

1340 1536 1448 1619 qui
1494 1543 1834 1602 numerant
1874 1537 2146 1621 Hyadas
2192 1539 2622 1622 Pleiadasque
2670 1539 2883 1604 simul.

998 1660 1060 1701 25
1173 1689 2928 1707 .........................

1338 1744 1570 1808 Vrsule
1617 1743 1870 1826 collega
1913 1744 2150 1809 nobilis
2195 1745 2572 1825 Harmoni0,

1167 1847 1550 1928 Harmonio,
1603 1867 1795 1930 quem
1841 1846 2187 1929 Claranus,
2239 1869 2433 1931 quem
2481 1849 2763 1914 Scaurus
2810 1855 2875 1913 et
2919 1848 3159 1934 Asper,

1340 1971 1530 2032 quem
1577 1950 1700 2016 sibi
1752 1951 2070 2018 conferret
2115 1953 2313 2017 Varro
2360 1953 2660 2037 priorque
2706 1953 2964 2033 Crates,

1167 2055 1402 2138 quique
1450 2054 1612 2119 sacri
1658 2055 1938 2120 lacerum
1986 2055 2250 2139 collegit
2295 2076 2529 2140 corpus
2573 2056 2866 2136 Homeri,

998 2182 1059 2221 30
1339 2159 1576 2242 quique
1620 2164 1806 2224 notas
1853 2159 2088 2244 spuriis
2134 2161 2431 2225 versibus
2476 2160 2805 2244 apposuit:

1168 2262 1518 2346 Cecropiae
1566 2282 1898 2327 commune
1945 2262 2142 2327 decus
2188 2262 2541 2346 Latiaeque
2588 2263 2946 2344 Camenae,

1342 2366 1518 2431 solus
1565 2366 1674 2447 qui
1719 2365 1950 2430 Chium
1996 2366 2226 2431 miscet
2270 2373 2336 2431 et
2380 2366 2743 2432 Amineum.
2824 2367 2995 2432 vale.

674 2645 944 2709 XVIIII.
1010 2642 1434 2707 AVSONIVS
1481 2642 1800 2707 PONTIO
1845 2642 2217 2707 PAVLINO
2265 2642 2444 2708 CVM
2491 2642 2686 2706 ILLE
2730 2643 3122 2708 MISISSET
3168 2643 3671 2710 POEMATIVM

756 2764 1169 2830 VERSIBVS
1216 2763 1616 2827 PLVRIMIS
1664 2763 1780 2828 DE
1824 2761 2192 2827 REGIBVS
2239 2764 2359 2827 EX
2404 2763 2957 2840 TRANQVILLO
3004 2765 3495 2830 COLLECTIS.

1165 2935 1555 3002 Condiderat
1596 2935 1727 2999 iam
1775 2934 1932 3000 solis
1979 2954 2176 3017 equos
2223 2935 2521 3001 Tartesia
2567 2936 2766 3020 Calpe
3658 2956 3759 3005 409

1165 3038 1601 3121 stridebatque
1647 3037 1809 3102 freto
1856 3037 2048 3101 Titan
2091 3036 2367 3121 insignis
2411 3038 2682 3104 Hibero:
3674 3040 3752 3100 (ω)

1163 3142 1292 3207 iam
1340 3143 1763 3207 succedentes
1808 3139 2139 3224 quatiebat
2184 3141 2368 3206 Luna
2409 3141 2748 3224 iuvencaS,

1165 3247 1453 3312 vinceret
1501 3252 1569 3311 ut
1614 3245 1915 3310 tenebras
1961 3245 2161 3310 radiis
2208 3246 2387 3311 velut
2429 3247 2687 3311 aemula
2731 3246 2975 3312 fratris:

1035 3374 1060 3411 5
1170 3351 1298 3416 iam
1344 3351 1639 3415 volucres
1687 3349 2142 3432 hominumque
2190 3370 2397 3433 genus
2445 3351 2813 3435 superabile
2859 3351 3028 3416 curis

1169 3454 1538 3519 mulcebant
1583 3452 1823 3537 placidi
1871 3452 2218 3536 tranquilla
2263 3452 2505 3518 oblivia
2551 3454 2790 3546 somni:

1168 3558 1555 3622 transierant
1602 3556 1791 3636 Idus,
1846 3555 2099 3621 medius
2146 3575 2446 3640 suprema
2492 3557 2848 3622 December

1168 3667 1455 3745 tempora
1500 3667 1767 3725 venturo
1814 3659 2200 3744 properabat
2242 3659 2510 3742 iungere
2558 3660 2747 3725 Iano:

1171 3770 1236 3829 et
1280 3784 1484 3829 nonas
1531 3762 1816 3827 decimas
1863 3763 1945 3826 ab
1993 3781 2064 3828 se
2110 3783 2238 3826 nox
2283 3763 2481 3845 longa
2523 3762 2861 3828 Kalendas

1005 3888 1061 3927 ιο
1169 3866 1408 3949 iugiter
1454 3865 1646 3930 acciri
1694 3864 2083 3930 celebranda
2126 3865 2212 3929 ad
2257 3866 2428 3930 festa
2472 3866 2754 3931 iubebat.

669 4042 922 4122 Nescis,
976 4048 1149 4125 put0,
1220 4039 1376 4122 quid
1421 4039 1616 4104 velim
1662 4045 1754 4103 tot
1797 4038 2091 4103 versibus
2138 4037 2376 4103 dicere.
2471 4038 2724 4105 medius
2769 4040 2961 4105 fidius
3006 4060 3215 4122 neque
3260 4041 3403 4124 ipse
3448 4041 3612 4106 bene
3657 4041 3760 4105 in-

500 4145 770 4228 tellego:
842 4151 1058 4209 tamen
1120 4143 1431 4227 suspicor.
1527 4142 1655 4207 iam
1721 4142 1927 4226 prima
1971 4161 2097 4206 nox
2142 4148 2280 4206 erat
2327 4148 2476 4207 ante
2523 4142 2696 4207 diem
2741 4163 2979 4240 nonum
3024 4143 3338 4208 decimum
3385 4144 3532 4208 Kal.
3587 4145 3751 4224 Ian.,

671 4386 735 4435 27
773 4387 921 4437 Mart.
962 4388 1012 4436 X
1050 4385 1134 4448 21,
1161 4386 1201 4448 =l
1236 4402 1310 4448 sq.
1353 4401 1479 4448 qnae
1516 4388 1602 4434 vix
1638 4386 1903 4446 intellegat
1935 4385 2050 4448 ipse
2085 4385 2343 4435 Modestus
2382 4393 2434 4434 et
2469 4387 2557 4434 vix
2597 4386 2839 4435 Claranus
3096 4385 3160 4434 32
3198 4387 3319 4436 Hor.
3360 4387 3466 4436 Sat.
3506 4389 3529 4434 1
3572 4385 3649 4447 10,
3693 4385 3758 4435 24

498 4480 556 4521 ut
591 4475 715 4523 Chio
751 4476 948 4535 notasssi
985 4476 1255 4521 commixta
1292 4473 1490 4521 Falerni
1529 4479 1606 4520 cst
1692 4521 1698 4529 ,

675 4561 898 4611 xvml.
980 4559 1001 4608 1
1033 4574 1144 4622 sqq.
1185 4561 1301 4609 Sen.
1346 4560 1448 4607 lud.
1493 4560 1553 4607 de
1593 4564 1748 4607 morte
1786 4559 1958 4609 Claud.
1993 4559 2040 4618 2,
2120 4559 2354 4619 Fulgent.
2386 4559 2540 4618 Myth.
2572 4561 2595 4606 1
2634 4574 2682 4620 p.
2717 4558 2818 4608 616
2844 4575 2952 4622 sqq.
2984 4561 3034 4608 S.
3250 4558 3281 4608 2
3318 4562 3431 4607 Iuv.
3476 4559 3578 4607 Sat.
3608 4559 3757 4607 xflu

494 4646 593 4696 279
618 4664 694 4709 sq.
738 4648 826 4695 sed
865 4648 1007 4706 longe
1046 4646 1200 4709 Calpe
1235 4646 1412 4694 relicta
1446 4645 1616 4692 audiet
1653 4646 1903 4692 Herculeo
1940 4645 2236 4692 stridentem
2275 4647 2471 4704 gurgite
2508 4647 2661 4693 solem

506 4911 514 4919 .
674 4870 734 4919 15
771 4873 1002 4932 protinus
1029 4870 1087 4917 M
1258 4883 1461 4932 scenam
1486 4885 1535 4929 v,
1577 4882 1726 4916 scena
1755 4868 1811 4929 Τ,
1852 4882 2051 4916 scenam
2076 4873 2167 4917 cet.
2348 4868 2568 4917 dramata
2595 4868 2668 4930 M,
2708 4870 2928 4917 dramata
2950 4886 2999 4928 υ,
3041 4870 3291 4930 dragmata
3315 4875 3405 4918 cet.
3592 4869 3652 4918 16
3688 4885 3766 4917 ar-

494 4958 698 5006 ebadiae
729 4956 835 5003 TM
911 4959 916 4963 ’
1043 4955 1103 5004 17
1144 4944 1245 5003 sor*
1273 4955 1316 5002 T
1530 4952 1590 5002 18
1628 4950 1700 5020 et]
1727 4960 1816 5002 aut
1849 4953 1890 5000 T
2099 4953 2161 5003 19
2198 4956 2320 5003 elios
2353 4954 2462 5014 TM,
2491 4955 2642 5004 telios
2668 4960 2779 5014 cet„
2809 4956 2966 5004 teleos
2993 4957 3288 5017 Accursius3
3327 4954 3445 5015 sort.
3478 4958 3568 5017 qul
3593 4956 3757 5017 telios,

496 5058 560 5090 on
594 5045 830 5106 probatus
859 5047 883 5088 ?
1092 5041 1158 5091 20
1198 5037 1373 5106 atque]
1409 5046 1498 5088 ant
1534 5039 1592 5087 M
1795 5043 2089 5102 aequiparat
2128 5039 2186 5086 M
2391 5041 2451 5089 21
2493 5055 2541 5102 qu
2575 5042 2656 5103 (=
2686 5042 2824 5103 quia)
2874 5042 2930 5100 Τ,
2972 5044 3091 5103 quia
3125 5042 3212 5106 χΕ
3419 5040 3483 5090 23
3522 5055 3622 5102 que
3657 5046 3765 5102 post

496 5133 668 5178 subter
702 5146 797 5179 om.
851 5130 937 5176 TE
1045 5169 1046 5172 ,
1176 5126 1240 5176 24
1279 5132 1509 5175 numerat
1547 5126 1743 5174 haiadas
1783 5127 1836 5173 M
2072 5132 2184 5185 post
2219 5144 2268 5175 v.
2311 5126 2376 5175 24
2416 5130 2469 5175 in
2510 5128 2551 5173 T
2592 5130 2692 5186 (ubi
2728 5131 2782 5175 in
2815 5144 2917 5188 my.
2955 5127 3028 5176 m¹
3066 5128 3224 5187 deest)
3266 5133 3313 5175 et
3347 5145 3386 5192 χ
3418 5130 3571 5176 unius
3606 5145 3655 5176 v.
3695 5134 3765 5176 est

495 5220 730 5276 spatium,
769 5217 971 5264 nullum
996 5218 1051 5262 in
1077 5214 1132 5261 M
1338 5213 1401 5261 27
1441 5214 1655 5260 daranus
1694 5229 1757 5272 ω,
1799 5214 2041 5262 Claranus
2077 5211 2223 5262 ναι*
2431 5213 2498 5266 28
2535 5221 2700 5275 grates
2739 5231 2801 5276 ω,
2843 5214 3014 5263 Crates
3047 5214 3136 5274 Uy.
3352 5213 3413 5262 :51
3455 5229 3692 5277 camoena
3726 5215 3766 5261 Τ

500 5302 564 5352 32
601 5303 910 5350 ammineum
949 5318 992 5350 ω
1204 5301 1317 5348 nale
1354 5300 1473 5348 add.
1519 5299 1589 5362 M,
1630 5314 1724 5347 om.
1767 5304 1859 5348 cet.
1899 5300 2044 5359 volyo

667 5389 885 5436 XVIIII.
965 5390 1144 5436 lemma
1182 5404 1224 5435 ω
1270 5389 1511 5447 (Ausonio
1550 5386 1608 5433 Μ
1799 5391 1909 5446 post
1943 5386 2156 5434 Paulino
2192 5387 2309 5435 aad.
2351 5389 2455 5437 filio
2491 5388 2670 5449 Delph.
2711 5393 2799 5435 eet.
2842 5401 2936 5437 om.
3144 5389 3395 5436 mississet
3430 5392 3665 5448 poematii
3706 5389 3761 5448 T)

500 5473 520 5523 1
562 5488 719 5536 equos
754 5487 853 5523 om.
897 5473 951 5520 M
1033 5503 1038 5510 ·
1181 5475 1393 5521 cartasia
1435 5473 1493 5533 T,
1536 5473 1740 5520 tartasia
1774 5477 1887 5532 eet„
1930 5474 2136 5520 tartesla
2177 5474 2222 5519 E
2453 5473 2483 5522 2
2521 5475 2729 5521 inclinis
2765 5474 3002 5521 Heinsius
3047 5473 3133 5534 (cs.
3178 5473 3326 5522 vad.
3371 5474 3487 5524 Met.
3530 5474 3609 5520 XI
3645 5474 3762 5534 ⁴257)

500 5559 559 5609 10
596 5562 716 5608 aciri
751 5561 791 5606 T
999 5556 1228 5625 iubebat]
1267 5561 1476 5608 uocabat
1505 5559 1546 5605 T
1751 5563 1862 5618 post
1896 5573 1944 5606 v.
1981 5557 2042 5606 10
2078 5558 2140 5605 sd
2177 5559 2398 5607 eundem
2436 5560 2672 5608 Pontium
2700 5560 2966 5607 Paulinum
3002 5560 3043 5606 T
3074 5562 3143 5618 (in
3164 5561 3287 5622 my.)
3320 5561 3364 5607 Ε
3574 5558 3627 5609 ll
3672 5573 3765 5618 ego

495 5648 624 5695 bene
670 5645 727 5706 T,
767 5646 1044 5708 ipse-bene
1083 5645 1239 5710 ΜχΕ,
1278 5648 1410 5693 bene
1446 5648 1558 5709 ipse
1594 5646 1772 5704 Delph.
2021 5646 2249 5704 intelligo
2287 5662 2331 5694 ω
2585 5645 2644 5696 12
2682 5650 2788 5694 erat
2823 5659 2920 5695 om.
2967 5647 3009 5693 T
3254 5647 3369 5696 Kal.
3409 5646 3517 5694 Ian.
3564 5645 3622 5706 T,
3668 5643 3767 5692 Kal

498 5724 617 5781 lan*
656 5732 728 5796 M,
771 5747 869 5782 om.
909 5749 962 5796 χ,
1008 5733 1343 5780 Kalendarum
1383 5733 1726 5779 Ianuariarum
1765 5732 1810 5778 Ε
1841 5733 1983 5790 volyo

3245 5835 3352 5884 23*
