4630 6435
1292 1093 1356 1188 Ι.
1458 1090 1997 1188 EPISTVLA
2065 1089 2606 1211 THEODOSI
2671 1090 3181 1189 AVGVSTI.

779 1324 976 1388 Amor
1019 1342 1200 1388 meus
1245 1322 1353 1405 qui
1401 1321 1467 1385 in
1513 1329 1574 1386 te
1622 1328 1722 1386 est
1765 1329 1830 1387 et
1872 1320 2210 1387 admiratio
2256 1320 2500 1404 ingenii
2545 1328 2738 1405 atque
2785 1321 3159 1387 eruditionis
3203 1330 3389 1406 tuae,
3455 1343 3619 1406 quae
3665 1323 3863 1388 multo
3902 1331 3977 1392 (Ρ)

611 1426 888 1493 maxima
933 1433 1115 1507 sunt,
1182 1424 1369 1509 fecit,
1440 1445 1676 1511 parens
1722 1424 2220 1505 iucundissime,
2289 1431 2362 1490 ut
2405 1444 2642 1490 morem
2690 1424 3089 1509 principibus
3135 1426 3284 1491 aliis
3331 1425 3587 1491 solitum
3636 1446 3868 1509 seque-

609 1536 876 1595 strarem
922 1528 1435 1610 familiaremque
1483 1547 1837 1593 sermonem
1887 1528 2355 1613 autographum
2401 1529 2489 1593 ad
2533 1535 2595 1593 te
2639 1528 3158 1609 transmitterem,
3214 1531 3547 1615 postulans
3586 1551 3699 1614 pro
3730 1530 3866 1595 iure

610 1654 737 1698 non
783 1632 1080 1716 equidem
1127 1632 1305 1716 regio
1327 1685 1341 1713 ,
1407 1631 1525 1697 sed
1571 1631 1746 1696 illius
1792 1631 2083 1717 privatae
2128 1632 2294 1697 inter
2341 1651 2457 1698 nos
2503 1631 2794 1697 caritatis
2816 1685 2830 1714 ,
2884 1653 2965 1698 ne
3011 1632 3297 1697 fraudari
3343 1653 3444 1698 me
3491 1633 3865 1718 scriptorum

545 1757 571 1795 ⁵
608 1743 856 1802 tuorum
918 1735 1189 1801 lectione
1247 1734 1535 1820 patiaris,
1632 1755 1798 1818 quae
1861 1735 2013 1800 olim
2075 1734 2232 1800 mihi
2294 1735 2554 1818 cognita
2615 1743 2680 1802 et
2734 1736 2863 1801 iam
2910 1757 3027 1821 per
3070 1745 3326 1819 tempus
3372 1735 3575 1802 oblita
3617 1756 3866 1801 rursum

609 1839 925 1921 desidem,
980 1860 1109 1905 non
1154 1840 1361 1904 solum
1407 1845 1478 1904 ut
1521 1859 1689 1922 quae
1735 1845 1883 1903 sunt
1928 1845 2080 1904 nota
2123 1839 2508 1921 recolantur,
2563 1840 2680 1905 sed
2727 1839 2923 1904 etiam
2972 1846 3171 1921 ntea,
3225 1860 3392 1920 quae
3424 1838 3599 1904 fama
3629 1838 3867 1904 celebri

609 1943 863 2009 adiecta
922 1949 1388 2025 memorantur,
1455 1941 1793 2026 accipiam.
1889 1962 2055 2024 quae
2117 1949 2184 2006 tu
2233 1941 2313 2007 de
2359 1941 2796 2027 promptuario
2843 1942 3218 2007 scriniorum
3263 1950 3546 2024 tuorum,
3612 1943 3720 2025 qui
3767 1963 3867 2006 me

609 2066 810 2128 ama8‚
862 2047 1073 2112 libens
1119 2047 1443 2132 inperties,
1499 2052 1756 2111 secutus
1803 2047 2105 2130 exempla
2146 2052 2476 2111 auctorum
2508 2046 2909 2130 optimorum,
2963 2044 3195 2127 quibus
3228 2066 3346 2131 par
3375 2065 3521 2111 esse
3552 2045 3863 2111 meruisti.

611 2150 719 2231 qui
764 2149 1115 2215 Octaviano
1160 2151 1453 2233 Augusto
1498 2170 1705 2215 rerum
1751 2149 2020 2233 potienti
2067 2148 2356 2214 certatim
2405 2169 2603 2234 opera
2648 2170 2767 2215 sua
2810 2150 3169 2231 tradebant,
3224 2150 3401 2215 nullo
3447 2150 3572 2215 fine
3615 2149 3683 2214 in
3729 2149 3868 2214 eius

512 2273 571 2311 ιο
611 2253 911 2318 honorem
958 2254 1161 2318 multa
1207 2253 1573 2318 condentes.
1665 2254 1773 2334 qui
1819 2253 1967 2319 illos
2012 2253 2170 2318 haut
2214 2253 2416 2318 sciam
2464 2274 2549 2318 an
2595 2253 2956 2337 aequaliter
2998 2259 3194 2335 atque
3240 2273 3360 2335 ego
3403 2259 3466 2319 te
3512 2252 3868 2318 admiratus

612 2356 723 2421 sit:
778 2363 946 2422 certe
993 2375 1118 2420 non
1163 2355 1444 2439 amplius
1490 2355 1822 2440 diligebat.
1920 2358 2067 2422 vale
2114 2376 2371 2441 parens.

809 2574 915 2669 ΙΙ.
984 2571 1406 2669 DOMINO
1470 2573 1697 2670 MEO
1763 2574 1899 2670 ET
1958 2572 2414 2670 OMNIVM
2482 2573 3089 2671 THEODOSIO
3155 2573 3667 2672 AVGVSTO

1767 2746 1927 2842 AV
1934 2744 2329 2843 SONIVS
2394 2745 2712 2844 TVVS.

1280 2957 1647 3040 Agricolam
1694 2959 1748 3024 si
1795 2957 1966 3024 flava
2009 2959 2205 3024 Ceres
2252 2958 2408 3024 dare
2455 2960 2703 3025 semina
2747 2967 2989 3037 terrae,
3768 2979 3868 3027 469

1455 3060 1777 3126 Gradivus
1821 3061 2042 3126 iubeat
2087 3060 2143 3126 si
2190 3081 2424 3146 capere
2469 3082 2650 3127 arma
2695 3062 2962 3143 ducem,
3743 3065 3866 3125 (ΥΡ)

1282 3164 1531 3230 solvere
1577 3164 1659 3231 de
1705 3171 1890 3249 portu
1938 3165 2210 3231 classem
2260 3164 2601 3250 Neptunus
2646 3165 2989 3232 inermem:

1453 3268 1651 3334 fidere
1695 3276 1827 3334 tam
1875 3270 1976 3335 fas
2022 3275 2121 3334 est
2165 3290 2358 3351 quam
2405 3270 2702 3335 dubitare
2748 3269 2969 3351 nesae,

1150 3393 1175 3429 5
1280 3371 1572 3436 insanum
1620 3373 1914 3456 quamvis
1959 3373 2201 3438 hiemet
2245 3394 2422 3440 mare
2468 3374 2793 3457 crudaque
2837 3376 3031 3440 tellus

1454 3475 1806 3543 seminibus
1854 3478 2025 3543 bello
2070 3497 2188 3542 nee
2234 3478 2395 3543 satis
2438 3484 2595 3562 apta
2640 3498 2889 3559 gnanus.

1282 3578 1370 3642 nil
1416 3577 1668 3645 dubites
1714 3586 1970 3644 auctore
2014 3580 2204 3646 bono.
2299 3580 2599 3645 mortalia
2641 3588 2958 3664 quaerunt

1456 3682 1824 3747 consilium:
1882 3688 2094 3748 certus
2137 3682 2322 3747 iussa
2367 3703 2635 3768 capesse
2681 3683 2809 3748 dei.

1283 3785 1560 3850 scribere
1605 3806 1708 3850 me
1752 3786 2083 3869 Augustus
2129 3786 2307 3851 iubet
2352 3793 2417 3851 et
2460 3807 2607 3852 mea
2651 3786 2936 3852 carmina
2980 3786 3217 3872 poscit,

1121 3909 1175 3946 ιο
1453 3909 1661 3973 paene
1707 3909 1975 3972 rogans:
2032 3889 2270 3954 blando
2317 3889 2415 3954 vis
2461 3890 2621 3956 latet
2662 3890 2956 3975 imperi0.

1281 4011 1406 4056 non
1450 3992 1660 4057 habeo
1703 3992 2065 4074 ingenium:
2120 3992 2366 4057 Caesar
2409 3993 2525 4058 sed
2570 3993 2788 4058 iussit:
2845 3993 3116 4059 habeb0.

1453 4116 1567 4160 cur
1610 4115 1713 4160 me
1760 4115 1949 4181 posse
1991 4117 2257 4180 negem,
2315 4116 2508 4181 posse
2554 4096 2723 4179 quod
2768 4097 2880 4162 ille
2927 4103 3151 4180 putat?

1282 4197 1607 4263 invalidas
1652 4199 1823 4264 vires
1868 4199 2008 4282 ipse
2055 4200 2294 4265 excitat
2338 4207 2405 4266 et
2446 4199 2627 4265 iuvat
2669 4199 2880 4281 idem,

1454 4302 1565 4384 qui
1609 4301 1819 4368 iubet:
1877 4303 2253 4384 obsequium
2299 4303 2536 4368 sufficit
2582 4322 2728 4368 esse
2772 4323 3006 4369 meum.

1119 4424 1177 4462 ¹⁵
1283 4425 1410 4470 non
1453 4411 1659 4471 tutum
1708 4405 1997 4471 renuisse
2044 4407 2201 4472 deo:
2257 4405 2523 4472 laudata
2567 4406 2828 4490 pudoris

1458 4528 1653 4593 saepe
1698 4530 1876 4576 mora
1920 4518 2052 4589 est,
2106 4510 2400 4591 quotiens
2447 4517 2668 4574 contra
2713 4530 2931 4594 parem
2980 4509 3256 4576 dubites.

788 4754 853 4802 11.
929 4752 960 4799 5
996 4753 1115 4801 Hor.
1157 4754 1264 4803 Sat.
1305 4755 1349 4801 ll
1392 4752 1440 4810 2,
1488 4753 1546 4802 17
1583 4758 1746 4800 atrum
1790 4791 1842 4802 ..
1879 4791 1889 4801 .
1934 4754 2122 4801 hiemat
2159 4767 2292 4801 mate
2501 4754 2533 4802 8
2575 4755 2725 4813 Verg.
2769 4756 2898 4802 Aen.
2940 4755 2958 4801 1
3003 4754 3063 4801 77
3104 4756 3241 4802 iussa
3279 4767 3535 4816 capessere

790 4980 829 5026 1.
908 4977 1091 5038 Incipit
1143 4977 1357 5038 epistola
1397 4975 1638 5024 Theodosi
1676 4977 1895 5036 Augusti
1956 4976 2011 5037 P,
2072 4977 2379 5025 Theodosius
2434 4978 2693 5038 Augustus
2748 4978 2971 5025 Ausonio
3026 4978 3225 5025 parenti
3283 4979 3500 5025 salutem
3548 4974 3689 5026 Ven.⁴
3724 4978 3867 5037 υοιρο

616 5061 648 5110 2
688 5063 1042 5112 iocundissime
1082 5063 1127 5110 P
1332 5064 1508 5111 solitus
1549 5063 1602 5122 P,
1643 5065 1847 5112 solitum
1898 5060 2044 5111 Vm.⁴
2271 5063 2301 5111 4
2340 5063 2542 5124 quidem
2593 5060 2738 5110 ναι*
2773 5064 2914 5123 volyo
3141 5062 3173 5112 6
3209 5065 3446 5122 desydero
3488 5063 3530 5109 P
3735 5078 3868 5111 reco-

618 5151 714 5196 lam
755 5149 869 5199 Par.
913 5151 1055 5211 volyo
1282 5151 1433 5198 etiam
1470 5163 1566 5197 om.
1604 5147 1749 5199 ναι*
1773 5152 1915 5210 volqo
2143 5148 2169 5195 ’ἲ
2208 5149 2513 5211 promtuario
2551 5150 2859 5197 scrineotum
2902 5148 2944 5194 P
3172 5148 3202 5198 8
3238 5152 3449 5211 Iperties
3485 5149 3545 5211 P,
3586 5151 3866 5212 impartiare

626 5233 784 5296 Vm.⁴,
828 5237 1119 5298 impertiam
1158 5235 1287 5284 Seal.
1330 5238 1474 5295 volyo
1687 5235 1749 5284 10
1786 5236 1919 5284 haud
1969 5232 2112 5283 γεω*
2320 5236 2513 5297 adquae
2548 5235 2607 5296 P,
2648 5249 2704 5283 ae
2749 5233 2890 5285 ναι*
2920 5238 3063 5297 volgo
3278 5235 3331 5283 11
3376 5237 3470 5284 scit
3511 5236 3571 5298 P,
3611 5236 3680 5282 sit
3725 5232 3869 5283 ναι*

791 5322 859 5370 11.
939 5321 1184 5370 Teudosio
1220 5328 1245 5369 ῖι
1273 5324 1526 5371 Ausonius
1561 5323 1609 5384 V,
1655 5323 1965 5385 Responsiua
1989 5324 2206 5371 Ausonii
2242 5323 2301 5370 ad
2330 5322 2662 5372 Theodosium
2691 5325 2978 5382 Augustum
3005 5320 3129 5385 Rea.
3184 5324 3399 5370 Domino
3435 5308 3622 5370 meoet
3644 5323 3866 5370 omnium

617 5407 944 5455 Theodosium
985 5410 1234 5468 Augusto.
1289 5410 1545 5458 Ausonius
1583 5415 1705 5457 tuus
1742 5409 1801 5471 Ρ,
1845 5411 2101 5458 Ausonius
2139 5409 2416 5458 Theodosio
2452 5411 2685 5470 Augusto
2730 5405 2873 5456 Ven.⁴
3129 5407 3147 5455 1
3194 5411 3418 5468 Agricolfi
3466 5409 3506 5455 V
3543 5409 3758 5470 (Agricol
3794 5405 3868 5455 m²

616 5497 670 5539 ἔτι
694 5496 812 5555 τηε.)
1027 5494 1058 5542 2
1096 5486 1326 5554 gradiuvs
1376 5495 1416 5541 V
1455 5491 1543 5555 (m'2
1578 5496 1632 5542 in
1668 5499 1792 5557 ras.)
2004 5493 2035 5541 4
2074 5495 2264 5557 nephas
2306 5494 2348 5540 P
2557 5496 2586 5542 5
2625 5484 2868 5556 crudaq‘sst
2903 5495 2943 5541 V
3148 5493 3180 5542 6
3216 5497 3330 5542 abta
3367 5495 3403 5541 V
3612 5494 3638 5541 7
3680 5494 3796 5541 nicil
3834 5494 3871 5540 V

620 5582 685 5640 (ei
722 5581 872 5641 eran.)
1086 5564 1216 5628 boni]
1262 5581 1302 5626 V
1530 5581 1561 5628 9
1599 5587 1649 5629 et
1688 5583 1735 5628 in
1775 5596 1831 5628 ea
1873 5581 1915 5627 P
2146 5580 2208 5628 10
2245 5582 2332 5629 uix
2375 5581 2418 5627 P
2651 5580 2702 5628 11
2749 5580 2954 5639 ingenio
2995 5579 3051 5641 P,
3094 5580 3144 5626 id
3183 5582 3316 5638 genii
3366 5578 3512 5629 ναι*
3718 5581 3869 5627 iussit

625 5666 665 5712 V
705 5669 743 5724 (t
779 5669 831 5714 in
865 5681 967 5713 ma.
1008 5664 1099 5722 111²}
1343 5667 1399 5715 13
1440 5669 1599 5715 exitat
1649 5668 1684 5714 V
1933 5667 1989 5714 14
2029 5681 2141 5714 esse
2188 5668 2225 5712 V
2269 5664 2427 5725 Ven.⁴,
2471 5669 2577 5728 ipse
2621 5666 2662 5711 Ρ
2904 5665 2965 5713 15
3003 5671 3163 5712 totum
3208 5667 3251 5713 P
3477 5668 3716 5713 remuisse
3762 5663 3866 5710 Vm²

623 5751 683 5799 16
719 5753 911 5798 coneus
960 5752 998 5797 V
1204 5754 1391 5801 diuites
1438 5755 1474 5798 V

771 5853 1010 5893 Ancum.
3427 5854 3447 5903 l
