4630 6435
736 427 853 488 164
2207 421 2514 479 AVSONII

1404 636 1597 680 unum
1645 634 1876 680 nomen
1921 613 2237 696 utrisque,
2293 620 2395 678 set
2438 618 2538 679 est
2582 612 2924 678 discrimen
2972 613 3288 696 utrisque,

1574 738 1766 803 poma
1812 725 1881 782 ut
1924 717 2097 795 mala
2140 734 2363 798 voces,
2419 716 2704 781 carmina
2748 736 2901 781 vero
2946 716 3140 782 mala.

1269 843 1296 882 5
1662 821 1810 886 vale
1854 818 2065 885 beatis
2108 839 2342 884 nomen
2385 840 2428 883 a
2471 818 2640 885 divis
2686 819 2951 885 Theou:

1663 923 1953 989 metoche
2000 930 2100 990 set
2141 922 2272 988 ista
2317 942 2513 1008 saepe
2559 929 2918 989 currentem
2963 923 3223 989 indicat.

818 1288 960 1354 VII.
1011 1286 1434 1352 AVSONIVS
1479 1286 1832 1369 THEONI,
1885 1286 2060 1351 CVM
2106 1286 2191 1349 EI
2234 1285 2656 1350 TRIGINTA
2703 1286 3055 1368 OSTREA,
3112 1285 3504 1352 GRANDIA
3549 1287 3902 1369 QVIDEM,

1772 1406 1932 1471 SET
1977 1406 2159 1470 TAM
2204 1404 2487 1470 PAVCA
2533 1404 2948 1471 MISISSET.

2327 1575 2390 1642 1.

904 1752 1430 1836 Expectaveram,
1485 1758 1555 1816 ut
1584 1750 1969 1815 rescriberes
2012 1752 2105 1829 ad,
2143 1772 2241 1830 ea,
2295 1770 2463 1835 quae
2510 1750 2749 1815 dudum
2794 1751 3163 1817 ioculariter
3209 1753 3487 1816 luseram
3520 1752 3600 1817 de
3633 1752 3987 1817 cessatione
4024 1761 4125 1811 396

732 1862 841 1919 tua
900 1855 1090 1919 valde
1147 1855 1348 1939 impia
1405 1864 1469 1920 et
1527 1875 1672 1919 mea
1723 1853 2219 1937 efflagitatione,
2288 1854 2471 1920 cuius
2532 1854 2624 1919 rei
2684 1875 2915 1919 munus
2976 1856 3368 1939 reciprocum
3428 1854 3726 1938 quoniam
3772 1856 3839 1919 in
3885 1876 3986 1920 me
4033 1831 4121 1891 (V)

731 1958 998 2023 colendo
1045 1957 1385 2038 fastidisti,
1453 1958 1717 2023 inventa
1760 1957 1927 2023 inter
1983 1958 2191 2023 tineas
2250 1957 2533 2042 epistula
2576 1965 2827 2041 vetere,
2896 1977 3087 2040 quam
3149 1958 3231 2023 de
3276 1958 3505 2023 ostreis
3558 1965 3622 2024 et
3680 1958 3989 2023 musculis

729 2062 1032 2126 affectata
1091 2059 1479 2125 obscuritate
1537 2061 1988 2145 condideram,
2056 2082 2222 2145 quae
2280 2060 2666 2126 adulescens
2727 2068 2967 2126 temere
3026 2060 3356 2142 fuderam,
3424 2061 3551 2125 iam
3615 2061 3828 2125 senior
3886 2081 3989 2126 re-

731 2163 1027 2228 tractavi.
1124 2170 1222 2227 set
1267 2162 1334 2227 in
1382 2163 1655 2229 eundem
1704 2165 1961 2230 modum
2006 2165 2364 2231 instaurata
2410 2171 2508 2229 est
2552 2164 2812 2229 satirica
2857 2171 2921 2229 et
2965 2163 3239 2228 ridicula
3284 2163 3706 2246 concinnati0,
3758 2163 3985 2229 saltem
4029 2185 4054 2223 5

730 2273 799 2332 ut
844 2287 1011 2332 nunc
1053 2267 1446 2350 respondeas
1492 2268 1865 2334 notissimae
1911 2269 2291 2349 cautilenae,
2349 2268 2455 2352 qui
2503 2269 2683 2334 illam
2731 2268 3047 2334 noviciam
3096 2268 3351 2334 silentio
3397 2268 3858 2333 condemnasti.

2324 2560 2390 2625 2.

1402 2735 1634 2800 Ostrea
1678 2732 1942 2798 Baianis
1988 2733 2332 2812 certantia,
2389 2753 2554 2816 quae
2601 2732 2999 2798 Medulorum

1402 2838 1699 2904 dulcibus
1744 2837 1809 2901 in
1859 2836 2105 2919 stagnis
2151 2836 2336 2901 reflui
2381 2837 2577 2901 maris
2624 2843 2843 2901 aestus
2889 2836 3162 2920 opimat,

1400 2942 1655 3026 accepi,
1709 2941 1943 3006 dilecte
1990 2940 2243 3020 Theon,
2300 2939 2696 3004 numerabile
2743 2958 2996 3004 munus.

1399 3067 1622 3111 verum
1666 3051 1822 3128 quot
1867 3043 2134 3123 fuerint,
2200 3042 2492 3107 subiecta
2535 3042 2934 3107 monosticha
2980 3042 3269 3126 signant:

1266 3170 1293 3210 5
1399 3157 1552 3233 quot
1595 3155 1693 3213 ter
1736 3148 2014 3212 luctatus
2062 3167 2204 3211 cum
2249 3146 2484 3231 pollice
2532 3152 2837 3231 conputat
2879 3145 3105 3211 index:

1402 3254 1738 3336 Geryones
1783 3257 1933 3335 quot
1977 3257 2192 3329 erant,
2245 3249 2465 3316 decies
2512 3250 2570 3315 si
2616 3250 3157 3334 multiplicentur:

1397 3363 1497 3421 ter
1538 3362 1690 3438 quot
1734 3361 1917 3420 erant
1959 3354 2229 3439 Phrygii
2274 3360 2611 3420 numerata
2659 3353 2975 3419 decennia
3018 3353 3177 3418 belli

1399 3466 1512 3525 aut
1553 3459 1673 3524 iter
1719 3465 1787 3522 ut
1832 3457 2023 3523 solidi
2071 3458 2312 3523 mensis
2359 3465 2533 3525 tenet
2577 3458 2938 3541 ignicomus
2983 3457 3132 3522 Sol:

1400 3562 1697 3628 cornibus
1742 3583 1782 3627 a
1827 3562 2049 3646 primis
2096 3570 2250 3645 quot
2295 3563 2491 3628 habet
2536 3583 2707 3646 vaga
2753 3562 3036 3645 Cynthia
3078 3569 3326 3626 noctes:

1234 3687 1290 3725 ιο
1399 3668 1660 3748 singula
1704 3665 2015 3750 percurrit
2058 3666 2252 3731 Titan
2297 3673 2449 3749 quot
2495 3665 2684 3748 signa
2729 3665 2995 3731 diebus:

1397 3776 1676 3853 quotque
1719 3768 1908 3832 annis
1955 3768 2250 3834 sublimis
2294 3767 2436 3851 agit
2480 3787 2600 3832 sua
2645 3769 2909 3833 saecula
2951 3767 3297 3832 Phaenon:

1398 3877 1551 3955 quot
1593 3890 1857 3936 numero
1903 3892 2214 3936 annorum
2261 3870 2547 3936 Vestalis
2593 3871 2776 3953 virgo
2823 3870 3141 3935 ministrat

1398 3973 1893 4057 Dardaniusque
1936 3994 2141 4059 nepos
2188 3995 2387 4057 regno
2430 3982 2585 4057 quot
2630 3974 2891 4058 protulit
2936 3994 3172 4038 annos:

1398 4077 1761 4142 Priamidae
1808 4085 1961 4159 quot
2004 4085 2222 4156 erant,
2277 4078 2334 4142 si
2378 4077 2481 4143 bis
2527 4078 2678 4143 deni
2723 4076 3160 4142 retrahantur:

1232 4201 1291 4241 ιε»
1397 4181 1625 4263 bisque
1671 4180 1842 4246 viros
1887 4200 2219 4262 numereS,
2275 4182 2386 4264 qui
2431 4182 2566 4246 fata
2614 4181 3004 4264 Amphrysia
3049 4188 3340 4246 servant:

1396 4290 1550 4368 quot
1594 4284 1818 4367 genuit
1865 4285 2035 4350 fetus
2081 4284 2337 4349 Albana
2382 4285 2501 4349 sub
2549 4284 2802 4350 ilicibus
2849 4304 2960 4348 sus

1396 4443 1557 4450 -——-

897 4530 1015 4578 vll.
1058 4524 1118 4579 2.
1195 4528 1217 4577 1
1259 4529 1402 4578 Mart.
1436 4529 1483 4576 X
1510 4527 1593 4590 37,
1631 4527 1685 4577 11
1717 4534 1878 4577 ostrea
1902 4529 2106 4576 Baianis
2287 4528 2349 4576 13
2388 4529 2536 4588 Verg.
2567 4529 2695 4577 Aen.
2726 4529 2827 4576 1111
2864 4527 2956 4577 163
2983 4528 3370 4589 Dardaniusque
3395 4542 3551 4589 nepos
3730 4528 3792 4577 14
3831 4531 3984 4590 Verg.

723 4615 850 4663 Aen.
894 4615 943 4662 11
984 4613 1081 4664 503
1121 4615 1481 4676 quinquaginta
1517 4615 1593 4662 illi
1630 4614 1859 4676 thalami,
1898 4629 2013 4676 spes
2051 4618 2186 4661 certa
2222 4620 2462 4674 nepotum
2677 4612 2739 4661 16
2779 4614 2928 4672 Verg.
2965 4616 3091 4661 Aen.
3123 4614 3247 4660 Vlll
3274 4613 3339 4661 43
3373 4613 3464 4673 (111
3491 4612 3611 4673 390)
3651 4616 3859 4663 inventa
3895 4618 3990 4663 sub

720 4701 921 4748 ilicibus
959 4715 1043 4748 sus

891 4928 922 4977 3
960 4929 1226 4987 utriusque
1272 4926 1324 4986 V,
1385 4925 1613 4985 utrisque
1659 4924 1764 4972 Toll
2044 4926 2315 4985 utrinque
2361 4925 2416 4984 V,
2475 4927 2704 4985 utrisque
2749 4925 2857 4972 Toll
3161 4925 3190 4970 5
3228 4927 3282 4970 in
3316 4939 3416 4983 my.
3458 4922 3531 4970 m2
3567 4925 3836 4972 iambicum
3883 4925 3924 4996 V

720 5016 893 5061 beatus
928 5013 980 5074 V,
1022 5014 1180 5061 beatis
1217 5012 1451 5059 Heinsius
1661 5009 1693 5057 6
1731 5012 1786 5056 in
1820 5024 1920 5068 my.
1962 5007 2036 5056 m²
2068 5011 2200 5057 idem
2243 5010 2286 5057 V
2491 5001 2714 5058 metod's
2762 5011 2815 5070 V,
2861 5010 3084 5057 metoche
3123 5011 3343 5058 Aurata-9
3551 5018 3630 5057 set
3670 5011 3722 5071 (d
3757 5007 3849 5072 m2)
3891 4999 3989 5058 ¹sta

729 5099 765 5160 (i
802 5096 890 5158 m2)
942 5098 984 5146 V
1188 5101 1421 5145 currente
1469 5096 1508 5142 V
1540 5110 1662 5143 corr.
1703 5095 1839 5143 Scal.

892 5201 1005 5248 VII.
1082 5204 1264 5249 lemma
1288 5202 1342 5248 in
1374 5200 1413 5246 V
1440 5199 1613 5260 (Teoni
1644 5235 1655 5247 .
1690 5235 1701 5246 .
1735 5235 1749 5249 .
1780 5162 1833 5248 gt
1867 5200 1926 5258 (ci
1951 5197 2041 5258 m2)
2075 5236 2086 5247 .
2120 5235 2131 5248 .
2164 5236 2174 5247 .
2207 5205 2370 5248 ostrao
2399 5201 2542 5258 (corr.
2572 5197 2663 5258 ⁷112}
2728 5201 2736 5209 '
2877 5205 2955 5247 set
2979 5206 3144 5247 tamen
3176 5199 3445 5248 Mommsen
3656 5195 3715 5249 l·
3793 5197 3814 5246 1
3856 5213 3917 5246 ea
3950 5200 3988 5246 V

722 5289 771 5347 (a
805 5301 862 5334 ex
900 5269 943 5346 fi)
1211 5285 1240 5331 3
1279 5286 1491 5347 epistola
1529 5291 1751 5334 ueterem
1798 5287 1839 5333 V
1877 5287 1942 5346 (tu
1982 5285 2127 5346 eras.)
2389 5285 2420 5333 4
2458 5262 2714 5335 condid⁶riz
2759 5287 2800 5333 V
2835 5287 2916 5344 (de
2951 5284 3038 5346 m2)
3311 5284 3340 5333 5
3378 5287 3578 5332 cuidem
3628 5285 3666 5332 V
3702 5286 3846 5345 (corr.
3889 5283 3980 5344 m2)

716 5370 747 5419 6
786 5373 1074 5419 notissimae
1111 5376 1397 5431 corruptum
1431 5386 1531 5420 esse
1570 5371 1796 5423 videtur:
1838 5377 2053 5433 expectes
2090 5375 2467 5421 vetustissimae

888 5452 949 5508 2·
1026 5456 1045 5505 1
1089 5458 1285 5505 hostrca
1319 5458 1358 5504 V
1560 5457 1590 5506 3
1628 5463 1744 5506 teon
1782 5461 1823 5507 V
2027 5457 2058 5506 4
2097 5460 2225 5521 quod
2260 5459 2298 5505 V
2324 5460 2386 5520 (et
2413 5462 2483 5506 sic
2508 5459 2766 5507 duodecies
2789 5473 2946 5520 usque
2972 5459 3037 5506 ad
3061 5474 3108 5506 v.
3141 5456 3244 5519 18),
3285 5467 3407 5519 quot
3430 5459 3595 5518 Luyd.
3809 5472 3983 5505 mono-

721 5546 845 5592 stica
889 5544 931 5591 V
1135 5541 1166 5590 6
1204 5544 1430 5601 geriones
1479 5543 1517 5590 V
1723 5543 1750 5591 7
1792 5545 1943 5606 prigii
1991 5545 2030 5591 V
2233 5545 2264 5594 8
2303 5551 2377 5593 ter
2416 5550 2473 5592 ut
2508 5545 2661 5592 eolidi
2710 5545 2771 5605 V,
2820 5545 2920 5591 iter
2955 5551 3013 5591 ut
3047 5543 3195 5592 solidi
3233 5545 3464 5591 Heinsius
3671 5545 3703 5591 9
3740 5544 3900 5591 cintia
3948 5545 3989 5591 V

719 5646 775 5695 11
818 5648 957 5709 feton
1003 5646 1055 5705 V,
1098 5644 1335 5693 Phaenon
1373 5647 1509 5694 Scal.
1727 5646 1790 5695 14
1827 5652 2110 5694 retraantur
2152 5647 2195 5694 V
2398 5653 2512 5695 ante
2547 5663 2594 5695 v.
2645 5646 2704 5695 15
2741 5662 2875 5695 unus
2912 5666 2959 5695 v.
3000 5647 3197 5694 videtur
3233 5647 3468 5694 excidisse
3694 5646 3753 5695 15
3793 5611 3979 5710 tiissque

720 5733 761 5779 V
798 5735 890 5795 (bis
925 5747 991 5783 m.
1034 5728 1153 5795 rec.)
1367 5733 1640 5792 amphrisia
1682 5733 1725 5780 V
1760 5735 1810 5795 (p
1846 5748 1904 5780 ez:
1942 5735 1981 5794 s)
