4630 6435
798 440 917 500 172
2261 438 2569 496 AVSONII

1461 629 1613 693 ἔνθα
1656 626 1793 704 σύες
1838 630 2088 717 θαλεροὶ
2132 632 2521 717 πολυχανῧέα
2565 632 2797 715 pocula
2839 626 2929 713 τ’,
2982 631 3136 696 ἔνθα

1459 738 1698 818 κιρνᾶν,
1751 731 1810 798 εἴ
1851 759 1918 798 κε
1964 734 2198 815 θέλοις,
2252 736 2468 820 νέκταρ
2516 734 2720 799 vincto
2766 735 3013 799 boneio.

1458 837 1647 901 ambo
1693 837 1888 920 igitur
1933 845 2189 902 nostrae
2234 839 2695 924 παραθέλξομεν
2743 838 2876 904 otia
2921 839 3132 919 vitae,

1631 940 1781 1004 dum
1829 960 1931 1006 res
1977 948 2041 1006 et
2085 948 2266 1007 aetas
2312 949 2377 1007 ct
2423 962 2714 1007 sororum

1291 1063 1352 1102 45
1718 1039 1957 1128 νήματα
1999 1039 2315 1131 πορφύρεα
2361 1046 2665 1109 πλέκεται.

1904 1321 2090 1387 ΧΠΙ.
2155 1320 2551 1387 ΑΥΣΟΝΙΟΣ
2601 1320 2922 1386 ΠΑΥΛΩΙ.

1443 1490 1765 1578 Ῥωμαίων
1811 1486 2033 1567 ῧπατος
2082 1491 2433 1581 ἀρεταλόγῳ
2481 1491 2591 1579 ἠδὲ
2636 1498 2887 1579 ποιητῇ,
3947 1514 4047 1563 402

1633 1593 1921 1670 Αὐσόνιος
1973 1595 2232 1684 Παύλῳ·
2288 1599 2521 1663 Σπεῦδε
2567 1598 2778 1685 φίλους
2828 1599 3026 1662 ἰδέειν.
3967 1602 4045 1663 (ω)

2284 1874 2553 1959 (ΧΙΙΠ).

1456 2030 1857 2111 Aequoream
1904 2028 2062 2111 liqui
2107 2037 2170 2095 te
2217 2036 2514 2114 propter,
2569 2028 2808 2112 amice,
2864 2029 3297 2109 Garumnam,
3946 2048 4046 2098 403

1626 2139 1688 2197 te
1736 2140 1994 2218 propter
2039 2151 2299 2217 campos
2344 2133 2553 2198 incolo
2602 2132 3005 2198 Santonicos.
3964 2137 4040 2197 (ω)

1454 2256 1844 2318 congressus·
1882 2237 2078 2319 igitur
2121 2244 2372 2302 nostros
2417 2242 2600 2322 pete:
2658 2236 2712 2302 si
2760 2237 2878 2301 tibi
2924 2257 3112 2317 cura,

1627 2360 1791 2422 quae
1838 2340 2024 2421 mihi,
2080 2348 2424 2425 conspectu
2469 2342 2599 2406 iam
2645 2340 2892 2425 potiere
2939 2361 3105 2407 mec.

1321 2467 1346 2505 ⁵
1453 2444 1572 2509 sed
1615 2450 1861 2508 tantum
1906 2444 2308 2529 adpropera,
2364 2452 2674 2526 quantum
2720 2451 2870 2529 pote
2919 2464 3186 2528 corpore
3233 2451 3298 2510 et
3341 2464 3526 2510 aevn.

1625 2553 1696 2612 ut
1740 2549 1991 2612 salvum
2036 2548 2329 2631 videam,
2384 2554 2485 2613 sat
2531 2548 2656 2614 cito
2700 2553 2766 2613 te
2812 2547 3026 2613 video.

1453 2650 1508 2715 si
1553 2656 1698 2735 post
1741 2650 2063 2716 infaustas
2109 2651 2296 2735 vigor
2339 2652 2699 2735 integratus
2746 2651 3034 2717 habenas

1624 2761 1690 2819 et
1732 2753 1923 2819 rediit
1966 2755 2273 2820 membris
2319 2756 2449 2821 iam
2497 2773 2615 2819 sua
2661 2755 3018 2835 mobilitas,

1453 2858 1508 2922 si
1554 2857 1807 2941 riguam
1853 2857 2042 2923 laetis
2086 2858 2319 2924 recolis
2364 2858 2728 2943 Pimpleida
2772 2857 3012 2939 Musis,

1287 2985 1343 3024 ιο
1622 2962 1752 3026 iam
1797 2967 1980 3026 vates
2027 2968 2091 3026 et
2133 2983 2262 3027 non
2306 2960 2599 3044 flagrifer
2643 2961 3082 3041 Automedon,

1451 3066 1625 3151 pelle
1672 3065 2006 3150 soporiferi
2052 3065 2302 3131 senium
2349 3066 2714 3148 nubemque
2762 3066 3013 3131 veterni

1623 3174 1814 3252 atque
1860 3168 2064 3234 alacri
2109 3168 2390 3234 mediam
2438 3188 2629 3255 carpe
2674 3167 2898 3252 vigore
2945 3168 3139 3234 viam.

1452 3272 1569 3337 sed
1615 3272 1838 3337 cisium
1885 3278 1996 3337 aut
2041 3273 2296 3356 pigrum
2346 3279 2572 3338 cautus
2618 3271 2979 3338 conscende
3025 3273 3411 3338 veraedum:

1621 3395 1748 3440 non
1793 3375 1910 3440 tibi
1956 3375 2041 3440 sit
2082 3375 2355 3456 raedae,
2411 3397 2541 3442 non
2586 3396 2766 3441 amor
2810 3376 2978 3441 acris
3024 3376 3193 3459 equi.

1283 3503 1344 3542 ιε»
1450 3480 1776 3546 cantheris
1822 3500 2048 3545 moneo
2094 3481 2262 3545 male
2309 3487 2466 3545 nota
2510 3480 2819 3565 petorrita
2865 3480 3031 3545 vites

1622 3602 1743 3648 nec
1789 3584 2033 3648 celeres
2080 3585 2290 3649 mulas
2336 3584 2478 3667 ipse
2526 3584 2831 3649 Metiscus
2877 3603 3060 3666 agas.

1450 3687 1545 3752 sic
1586 3686 1704 3751 tibi
1751 3686 1878 3751 sint
1922 3687 2146 3752 Musae
2194 3687 2460 3766 faciles,
2514 3687 2848 3752 meditatio
2895 3693 3189 3772 prompta

1622 3796 1688 3855 et
1731 3810 2006 3870 memor,
2062 3797 2127 3855 et
2173 3789 2403 3873 liquidi
2449 3791 2578 3855 mel
2624 3788 2783 3855 fluat
2828 3790 3104 3874 eloquii:

946 4033 1008 4083 41
1049 4034 1226 4096 Odyss.
1267 4036 1392 4082 VIII
1429 4035 1529 4085 475
1558 4051 1633 4097 sq.
1672 4035 1835 4084 νώτου
1866 4072 1878 4083 .
1912 4070 1924 4083 .
1956 4072 1968 4083 .
1999 4030 2325 4102 ἀργιόδοντος
2363 4029 2468 4094 ὑός,
2511 4029 2708 4101 θαλερὴ
2748 4030 2794 4082 δ’
2827 4031 2891 4099 ἦν
2928 4030 3090 4104 ἀμφὶς
3125 4030 3320 4101 ἀλοιφή
3532 4032 3599 4082 44
3638 4034 3756 4082 Hor.
3800 4033 3965 4083 Cum.
3996 4035 4043 4081 11

776 4121 827 4182 3,
872 4120 933 4169 15
961 4135 1035 4183 sq.
1079 4122 1199 4170 dum
1236 4136 1315 4170 res
1352 4127 1403 4170 et
1437 4127 1575 4170 setas
1612 4127 1664 4169 ct
1700 4134 1918 4169 sororum
1958 4122 2040 4168 flla
2076 4121 2234 4168 trium
2271 4121 2537 4183 patiuntur
2573 4128 2679 4169 atra

949 4208 1118 4257 XIIII.
1197 4206 1259 4257 10
1297 4208 1446 4268 Verg.
1489 4210 1616 4255 Aen.
1661 4208 1708 4254 II
1746 4205 1848 4255 476
1874 4222 1950 4268 sq.
1993 4221 2236 4268 equorum
2274 4207 2486 4266 agitator
2524 4208 2736 4255 Achillis
2773 4208 2984 4267 armiger
3021 4207 3338 4256 Automedon
3612 4205 3674 4255 16
3714 4207 3863 4266 Verg.
3902 4207 4031 4256 Aen.

779 4293 880 4342 XII
919 4292 1020 4342 469
1045 4309 1121 4355 sq.

947 4517 1007 4567 41
1049 4514 1168 4568 ενθα
1204 4534 1263 4568 συ
1303 4515 1426 4567 εδλα
1465 4534 1570 4585 ρεοι
1613 4518 1670 4579 Τ,
1711 4532 1788 4569 σοι
1824 4514 1967 4585 εἶδαρ
2007 4513 2083 4568 ἔοι
2120 4516 2256 4564 Seal.
2295 4517 2442 4577 volyo
2720 4513 3045 4580 pocymene),
3084 4515 3168 4578 Μ,
3207 4518 3384 4579 pocula
3420 4512 3575 4568 εννθα
3605 4532 3660 4577 p,
3709 4517 3886 4578 pocula
3922 4513 4044 4568 ἔνθα

769 4601 945 4665 ρῖΤΕ,
985 4606 1160 4666 pocula
1197 4600 1335 4655 θέντι
1380 4606 1513 4653 Scal.
1570 4607 1741 4667 v0l90,
1791 4607 1972 4666 pocula
2018 4598 2070 4652 τ’
2121 4599 2243 4654 ἔνθα
2292 4617 2380 4664 eqo
2623 4603 2690 4651 42
2728 4606 2952 4666 ketpmm
2993 4603 3051 4650 Μ
3291 4599 3346 4653 αἴ
3381 4619 3441 4652 κε
3481 4602 3797 4650 Ριιὶπιαηπιιε
3832 4604 3977 4662 volyo

774 4703 977 4740 cuncto
1017 4705 1199 4749 Bonyto
1228 4689 1333 4753 Mp,
1373 4687 1533 4742 οἰνοῖο
1573 4689 1720 4760 βοήιο
1752 4688 1826 4752 1³²,
1871 4686 2060 4740 ουίνοιο
2098 4687 2265 4756 βόνοιο
2308 4690 2351 4736 Τ
2393 4692 2466 4750 (in
2500 4704 2592 4752 quo
2629 4695 2743 4738 ante
2781 4688 2969 4741 ουὶνοιο
3009 4692 3188 4749 leynur
3213 4706 3271 4740 οο
3297 4689 3370 4738 m¹
3394 4690 3510 4752 del.)
3560 4691 3621 4751 E,
3661 4691 3832 4739 ιιίυοιο
3869 4691 4044 4739 bonozo

780 4811 893 4860 Τοὶι
1102 4811 1166 4860 43
1205 4807 1616 4877 περιθελαξομεν
1645 4812 1717 4872 Μ,
1746 4766 2160 4879 παραθλςλςὶαξομεν
2182 4826 2234 4871 p,
2279 4807 2662 4876 παραεδάξομεν
2685 4808 2765 4872 122,
2793 4807 3180 4878 παραλλάξομεν
3217 4811 3312 4871 ΤΕ,
3345 4807 3699 4879 παραλέξομεν
3727 4810 3858 4859 Scae.
3884 4811 4040 4871 υοῑρο,

773 4894 1159 4964 παραθέλξομεν
1195 4911 1283 4958 ορο
1526 4897 1592 4945 45
1643 4912 1936 4967 πορφγρωῌ
1975 4897 2052 4958 Μ,
2095 4913 2398 4967 πορφυρεων
2442 4893 2551 4957 3)ρῖ,
2596 4912 2886 4965 πορφυρεοσ
2929 4898 2968 4943 Τ
3004 4897 3081 4958 (οσ
3117 4911 3174 4944 ea:
3211 4899 3257 4956 α)
3286 4935 3298 4958 ,
3339 4912 3611 4965 πορφυρεω
3649 4897 3720 4958 Ε,
3775 4893 4039 4965 πορφύρεα

777 4983 911 5033 Scal.
1125 4987 1383 5034 ttaekerat
1422 4984 1492 5046 Μ,
1537 4982 1776 5034 πλεκεται
1820 4985 1860 5030 Τ
1901 4983 1967 5045 (αι
2005 4998 2061 5032 ez
2097 4985 2162 5045 ε),
2203 4980 2480 5034 πλέκονται
2517 4985 2653 5032 Scal.
2697 4987 2841 5043 volqo

947 5071 1088 5120 XIII.
1166 5069 1396 5127 αυσόνιος
1447 5067 1629 5120 παὺλω
1687 5071 1797 5132 ΤΕ,
1834 5071 2034 5118 nullum
2069 5073 2249 5118 lemma
2289 5068 2447 5132 Mpp2‚
2502 5074 2557 5118 in
2603 5073 2771 5117 ceteris
2820 5074 2976 5118 totum
3021 5068 3152 5117 deest
3188 5082 3410 5133 oannem
3465 5068 3551 5116 hoc
3600 5082 3801 5117 carmen
3836 5069 4039 5116 titulum

775 5166 1012 5224 epistulae
1051 5178 1175 5226 quae
1211 5168 1432 5228 sequitur
1469 5181 1568 5214 esse
1601 5166 1922 5227 probabiliter
1949 5167 2151 5214 coniecit
2177 5166 2354 5214 Hartel
2568 5164 2585 5212 l
2636 5150 2850 5232 ρωμῖἵιιν
2892 5163 2933 5210 Τ
3137 5160 3511 5225 ερεταλοΓεΗεε
3541 5163 3612 5221 Μ,
3654 5159 4042 5232 αρεταλογωηῧε

768 5246 879 5311 ρρῖ,
923 5247 1244 5318 αρεταλόγων
1279 5268 1333 5301 τε
1378 5253 1436 5314 Τ,
1479 5249 1804 5320 ἀρεταλόγων
1844 5249 1901 5302 δὲ
1938 5251 1984 5297 Ε
2184 5266 2356 5301 ‘contu
2396 5251 2465 5313 Μ,
2508 5268 2679 5318 ποητη
2711 5266 2746 5311 p

955 5336 1125 5385 XIIII.
1203 5339 1280 5384 Ad
1319 5340 1533 5385 amicum
1572 5343 1631 5385 ut
1667 5352 1817 5399 quam
1855 5339 2074 5398 primum
2112 5338 2172 5385 ad
2220 5352 2275 5386 se
2312 5340 2493 5386 ueniat
2536 5338 2680 5399 TvE,
2737 5352 2834 5385 om.
2877 5341 2966 5384 cet.
2992 5374 3005 5397 ‚
3058 5337 3136 5383 Ad
3186 5337 3401 5383 eundem
3438 5336 3654 5383 Paulum
3696 5336 3863 5395 Luyd.
3902 5338 4046 5396 volyo

776 5422 806 5471 5
843 5428 1010 5469 tamen
1049 5422 1228 5483 Daph.
1442 5438 1717 5487 appropera
1757 5423 1850 5488 Μχ
2079 5422 2111 5470 9
2149 5426 2190 5471 si
2229 5421 2443 5490 riguam]
2480 5426 2706 5484 linguam
2746 5423 2802 5469 M
3030 5421 3285 5485 pipeleida
3329 5422 3476 5482 ΤΜυ,
3516 5424 3737 5485 pipeleia
3774 5423 3813 5482 l,
3853 5423 4041 5485 pipleia

774 5522 880 5568 mu,
920 5507 1148 5568 pipleida
1187 5509 1231 5555 E
1269 5509 1354 5570 (cf.
1397 5510 1601 5572 Hesych.
1643 5526 1682 5560 ε.
1724 5527 1775 5559 υ.
1817 5505 2097 5570 Πίπλειαι),
2141 5524 2262 5557 corr.
2309 5510 2425 5558 Par.
2680 5508 2741 5557 10
2779 5509 3025 5568 flagrifera
3071 5508 3111 5554 Τ
3315 5513 3650 5556 ΑΥτοΜΒΔωκ
3693 5507 3909 5568 Mppw,
3948 5523 4043 5558 om.

780 5593 841 5654 Τ,
879 5594 1186 5643 autumedon
1222 5601 1311 5643 cet.
1553 5595 1614 5643 13
1654 5596 1932 5644 uerendum
1973 5595 2014 5641 Τ
2254 5593 2315 5642 14
2355 5593 2446 5662 sit]
2483 5598 2556 5644 sic
2598 5595 2651 5641 Μ
2875 5594 3031 5658 rhcde
3072 5594 3132 5655 Τ,
3172 5593 3292 5641 rede
3331 5593 3387 5640 Μ
3615 5593 3676 5642 15
3715 5595 3943 5642 cantheri
3984 5594 4041 5652 Τ,

778 5681 941 5727 euteri
980 5678 1050 5742 Μ,
1092 5681 1291 5729 authori
1328 5699 1378 5743 v,
1416 5681 1614 5730 eucheri
1652 5697 1755 5744 mu,
1797 5683 1993 5730 canteri
2032 5682 2077 5729 E
2099 5696 2224 5730 corr.
2264 5681 2461 5730 Gronov
2671 5678 2885 5742 peto-rita
2914 5680 2976 5742 Τ,
3015 5681 3278 5742 perterrita
3304 5679 3358 5726 Μ
3569 5680 3629 5729 17
3671 5681 3836 5730 facilis
3885 5680 3986 5728 ΤΜ

778 5770 955 5827 proma
993 5765 1051 5812 Μ
3408 5763 3425 5767 '
