4630 6435
739 463 861 521 146
2213 454 2522 509 AVSONH

1409 665 1725 729 nusquam
1772 644 2108 712 amittebat
2152 645 2497 727 oculosque
2547 644 2666 710 sub
2712 652 2888 710 astra
2932 644 3215 710 tenebat.

1407 750 1582 833 itque
1628 748 1918 832 reditque
1963 750 2139 815 viam
2182 748 2420 814 totiens
2460 747 2471 832 Ι
2512 755 2821 832 uteroque
2867 769 3127 814 recusso

1406 853 1791 937 transadigit
1836 860 2046 918 costas
2087 852 2096 938 1
2137 859 2200 918 et
2244 853 2497 936 pectine
2545 853 2763 936 pulsat
2807 853 3070 917 eburno.

1407 957 1663 1040 iamque
1710 956 1844 1021 fere
1891 956 2099 1041 spatio
2144 964 2432 1020 extremo
2478 955 2764 1039 fessique
2811 956 2929 1020 sub
2976 955 3186 1040 ipsam

1241 1082 1302 1121 35
1409 1060 1598 1125 finem
1644 1060 2104 1125 adventabant:
2155 1056 2165 1144 Ι
2204 1065 2338 1123 tum
2387 1060 2610 1125 creber
2653 1059 2978 1124 anhelitus
3028 1067 3206 1124 artus

1409 1164 1717 1247 aridaque
1764 1184 1878 1229 ora
1921 1163 2159 1246 quatit,
2215 1163 2410 1227 sudor
2452 1160 2593 1228 fluit
2638 1162 2920 1244 undique
2966 1162 3153 1243 rivis,

1409 1268 1649 1333 labitur
1694 1268 2075 1351 exsanguis,
2129 1266 2421 1332 destillat
2466 1265 2548 1330 ab
2593 1266 2861 1349 inguine
2906 1266 3101 1331 virus.

2336 1559 2404 1628 4.

1824 1733 2177 1798 Contentus
2223 1739 2396 1812 esto,
2453 1733 2654 1796 Paule
2701 1732 2823 1814 mi,
3904 1753 4003 1801 350

1826 1837 2099 1915 lasciva,
2156 1836 2392 1911 Paule,
2445 1835 2725 1919 pagina:

1825 1939 2071 2021 ridere,
2124 1940 2215 2003 nil
2264 1940 2434 2004 ultra
2481 1940 2734 2024 expeto,

739 2151 856 2215 sed
904 2171 1045 2215 cum
1093 2150 1352 2231 legeris,
1408 2148 1631 2213 adesto
1677 2147 1834 2211 mihi
1879 2147 2223 2211 adversum
2270 2166 2402 2223 eoa,
2457 2146 2586 2228 qui,
2642 2154 2711 2212 ut
2740 2146 3069 2211 Iuvenalis
3113 2147 3224 2224 ait,
3291 2147 3547 2211 ‘Curios
3594 2147 3900 2211 simulant
3945 2156 4009 2213 et

738 2251 1176 2317 Bacchanalia
1220 2252 1496 2328 vivunt',
1548 2271 1628 2315 ne
1676 2250 1949 2314 fortasse
1996 2269 2204 2313 mores
2250 2268 2428 2313 meos
2474 2256 2768 2332 spectent
2813 2248 2894 2313 de
2940 2248 3243 2313 carmine.
3349 2249 3632 2314 ‘lasciva
3677 2257 3777 2315 est
3823 2251 4006 2316 nobis
4048 2274 4073 2311 5

739 2356 1014 2440 pagina,
1069 2354 1203 2419 vita
1250 2354 1506 2438 proba',
1561 2360 1631 2418 ut
1676 2354 1922 2418 Plinius
1970 2353 2145 2417 dicit.
2243 2352 2651 2418 meminerint
2694 2361 2943 2433 autem,
3013 2354 3250 2437 quippe
3297 2352 3561 2434 eruditi,
3627 2355 4008 2437 probissimo

738 2460 877 2524 viro
914 2458 1122 2524 Plinio
1170 2457 1236 2522 in
1281 2457 1619 2542 poematiis
1667 2456 2023 2536 lasciviam,
2076 2457 2141 2520 in
2188 2457 2474 2521 moribus
2522 2457 2881 2521 constitisse
2929 2452 3284 2537 censuram,
3338 2457 3584 2540 prurire
3629 2459 4006 2540 opusculum

739 2561 1100 2646 Sulpiciae,
1167 2560 1437 2626 frontem
1500 2579 1839 2643 caperare,
1907 2579 2052 2625 esse
2098 2560 2490 2644 Appuleium
2545 2561 2611 2624 in
2668 2562 2803 2625 vita
2862 2559 3346 2644 philosophum,
3410 2560 3475 2624 in
3523 2560 4008 2643 epigrammatis

739 2673 1125 2745 amatorem,
1176 2664 1243 2728 in
1288 2663 1651 2747 praeceptis
1695 2663 1990 2728 omnibus
2037 2671 2257 2728 extare
2303 2663 2501 2727 Tullii
2552 2664 2984 2741 severitatem,
3038 2663 3105 2727 in
3151 2663 3446 2746 epistulis
3492 2662 3578 2727 ad
3624 2664 4006 2729 Caerelliam

739 2769 1007 2833 subesse
1053 2767 1498 2850 petulantiam,
1553 2766 1838 2831 Platonis
1871 2767 2253 2850 Symposion
2302 2768 2653 2850 composita
2697 2768 2762 2831 in
2811 2767 3098 2851 ephebos
3143 2767 3388 2850 epyllia
3418 2767 3764 2831 continere.
3859 2789 4007 2832 nam
4053 2791 4108 2830 ιο

738 2871 893 2952 quid
940 2870 1217 2935 Anniani
1282 2869 1751 2950 Fescenninos,
1818 2870 1974 2952 quid
2033 2870 2463 2953 antiquissimi
2524 2877 2752 2954 poetae
2814 2871 3034 2935 Laevii
3083 2870 3599 2953 Erotopaegnion
3656 2866 3851 2935 libros
3913 2872 4009 2935 lo-

740 2980 943 3058 quar?
1029 2973 1184 3057 quid
1228 2974 1554 3054 Euenum,
1622 2994 1810 3055 quem
1860 2974 2213 3038 Menander
2273 2973 2629 3057 sapientem
2692 2976 2994 3039 vocavit?
3080 2973 3232 3057 quid
3291 2974 3499 3058 ipsum
3547 2974 4013 3039 Menandrum?

741 3077 897 3160 quid
944 3077 1530 3143 comicosomnes‘?
1624 3077 1859 3159 quibus
1920 3096 2146 3141 severa
2205 3078 2341 3142 vita
2385 3086 2484 3144 est
2527 3085 2591 3144 et
2634 3078 2810 3144 laeta
2854 3077 3148 3142 materia.
3242 3077 3398 3161 qnid
3444 3077 3637 3142 etiam
3684 3078 4009 3142 Maronem

744 3180 1128 3247 Parthenien
1164 3180 1405 3247 dictum
1439 3200 1638 3246 causa
1667 3179 1973 3265 pudoris?
2002 3181 2113 3264 qui
2143 3180 2209 3247 in
2242 3189 2467 3248 octavo
2497 3182 2840 3263 Aeneidos,
2882 3202 3025 3246 cum
3060 3180 3451 3246 describeret
3482 3181 3712 3246 coitum
3743 3181 4013 3247 Veneris

743 3292 938 3367 atque
971 3285 1264 3365 Vulcani,
1321 3286 1793 3370 αἰσχροσεμνίαν
1840 3285 2143 3350 decenter
2185 3285 2553 3350 immiscuit.
2635 3286 2834 3368 quid?
2878 3285 2941 3348 in
2990 3286 3175 3349 tertio
3208 3285 3662 3366 Georgicorum
3711 3285 3791 3349 de
3838 3305 4011 3349 sum-
4057 3309 4113 3349 ιε»

743 3388 960 3452 missis
1019 3388 1084 3452 in
1148 3408 1410 3470 gregem
1474 3387 1724 3451 maritis
1786 3408 1995 3452 nonne
2056 3389 2399 3452 obscenam
2463 3388 2997 3471 significationem
3065 3389 3336 3452 honesta
3401 3389 3732 3453 verborum
3803 3396 4013 3453 trans-

743 3491 984 3556 latione
1043 3491 1326 3557 velavit?
1414 3498 1477 3555 et
1543 3491 1594 3554 si
1659 3491 1814 3574 quid
1874 3490 1937 3554 in
1986 3499 2202 3555 nostro
2247 3491 2389 3555 ioco
2435 3492 2794 3573 aliquorum
2845 3491 3172 3554 hominnm
3222 3491 3532 3556 severitas
3580 3491 3813 3556 vestita
3858 3512 4012 3555 con—

746 3595 1028 3676 demnat,
1084 3595 1165 3660 de
1198 3594 1485 3676 Vergilio
1531 3594 1906 3659 arcessitum
1955 3594 2136 3658 sciat.
2214 3594 2411 3677 igitur
2455 3594 2557 3659 cui
2601 3594 2708 3658 hic
2753 3593 2942 3658 ludus
2990 3602 3206 3659 noster
3249 3616 3375 3659 non
3423 3595 3652 3679 placet,
3706 3615 3787 3659 ne
3834 3595 4015 3678 lege-

746 3699 863 3779 rit,
916 3705 1030 3763 aut
1074 3719 1215 3763 cum
1262 3698 1493 3780 legerit
1536 3698 1981 3779 obliviscatur,
2035 3705 2149 3762 aut
2190 3718 2317 3762 non
2363 3697 2600 3762 oblitus
2645 3697 2962 3779 ignoscat.
3073 3697 3306 3763 etenim
3356 3698 3579 3763 fabula
3634 3698 3715 3762 de
3774 3698 4014 3782 nuptiis

749 3809 873 3865 est:
930 3808 996 3866 et
1037 3803 1195 3866 velit
1238 3802 1397 3866 nolit
1440 3800 1631 3866 aliter
1674 3802 1836 3866 haec
1882 3821 2066 3866 sacra
2109 3822 2234 3866 non
2282 3808 2593 3867 constant.
3496 3874 3524 3898 φ
4052 3826 4113 3866 20

923 4079 981 4127 31
1027 4081 1089 4127 Α.
1135 4080 1180 4125 V
1218 4079 1317 4128 853
1564 4080 1627 4128 32
1666 4080 1728 4129 Α.
1772 4081 1841 4127 Vl
1886 4080 1981 4129 ¹22
2025 4081 2071 4127 11
2112 4079 2175 4127 52
2423 4081 2486 4128 33
2525 4082 2586 4128 Α.
2629 4080 2729 4127 XII
2767 4080 2868 4128 276
2906 4081 2976 4127 Vl
3017 4080 3114 4130 647
3173 4082 3291 4140 (iam
3330 4082 3530 4140 pectine
3567 4079 3708 4128 codd.
3760 4081 3924 4143 Ver-9„
3964 4086 4016 4126 et

752 4169 953 4228 pectine
988 4167 1133 4215 schol.
1180 4166 1350 4227 Paron)
1566 4166 1629 4215 34
1671 4169 1733 4216 A.
1776 4167 1821 4213 V
1861 4166 1957 4215 327
2173 4166 2235 4214 35
2278 4169 2336 4215 Α.
2381 4169 2426 4214 V
2464 4167 2563 4216 328
2603 4174 2654 4214 et
2697 4167 2792 4214 199
3005 4167 3069 4215 36
3107 4169 3168 4216 Α.
3213 4168 3258 4213 V
3297 4167 3396 4215 2⁰0
3609 4167 3671 4216 37
3710 4168 3775 4215 A.
3809 4167 3881 4214 XI
3916 4167 4014 4214 818

764 4255 1054 4313 (exsanguis
1092 4253 1252 4313 PMR)
1293 4254 1355 4302 G.
1398 4254 1470 4301 111
1508 4253 1602 4303 281
1653 4254 1896 4316 (destillat
1931 4253 2092 4314 PMR)

930 4336 990 4390 4·
1063 4340 1094 4388 4
1131 4341 1356 4388 Iuvenal.
1397 4342 1445 4388 11
1484 4341 1513 4389 3
1725 4341 1755 4389 5
1793 4342 1936 4388 Mart.
1966 4343 1989 4388 1
2028 4339 2077 4403 4,
2122 4339 2152 4389 8
2198 4339 2281 4404 (cf.
2313 4341 2449 4389 Plin.
2479 4342 2645 4403 Epist.
2676 4341 2782 4389 1111
2813 4340 2892 4402 14,
2925 4341 2980 4403 5;
3025 4341 3216 4389 Catuli.
3252 4340 3333 4402 16,
3363 4341 3392 4388 5
3419 4355 3563 4403 sqq.;
3606 4339 3753 4389 ovid.
3783 4340 3932 4388 Trist.
3965 4341 4014 4387 11

753 4424 869 4488 354)
1082 4427 1114 4477 8
1151 4427 1454 4487 Fulgentius
1481 4427 1690 4486 Mythol.
1722 4429 1745 4474 l
1772 4443 1821 4489 p.
1852 4426 1953 4475 610
1981 4426 2067 4474 S.:
2109 4427 2200 4474 hac
2236 4428 2425 4476 etenim
2463 4428 2734 4475 adludente
2772 4434 2826 4475 et
2861 4427 3086 4476 Plautini
3113 4428 3327 4476 Saureae
3365 4428 3649 4475 dominatus
3686 4427 3938 4476 obdormit
3966 4433 4016 4473 et

756 4511 1047 4574 Sulpicillae
1071 4515 1391 4562 Ausonianae
1428 4514 1702 4575 loquacitas
1740 4513 1936 4574 deperit
1962 4513 2392 4574 Sallustianaeque
2420 4514 2763 4575 Semproniae,
2803 4516 3031 4575 quamvis
3069 4529 3307 4576 praesens
3334 4516 3404 4562 sit
3431 4515 3661 4570 Catilina,
3706 4513 3859 4560 melos
3897 4527 4013 4559 can-

753 4599 894 4645 tandi
933 4602 1178 4647 raucescit
1393 4600 1451 4650 14
1490 4601 1640 4660 Verg.
1682 4601 1814 4648 Aen.
1856 4600 1973 4646 vm
2015 4600 2113 4647 404
2141 4614 2249 4661 sqq.

930 4859 987 4908 31
1034 4861 1327 4908 ammitebat
1356 4860 1397 4906 Τ
1537 4858 1601 4907 36
1638 4859 1897 4920 arridaque
1927 4859 1968 4905 T
2121 4858 2184 4907 37
2225 4862 2497 4918 exsanguis
2541 4857 2652 4921 T92,
2696 4862 2943 4920 exanguis
2969 4866 3058 4909 cet.
3207 4861 3428 4908 destillat
3466 4857 3634 4922 mm,
3675 4860 3890 4908 distillat
3925 4867 4013 4907 eet.

930 4942 992 4996 4·
1071 4946 1087 4995 1
1142 4960 1170 4994 0
1206 4946 1355 5008 paule
1402 4946 1444 4993 T
1685 4945 1715 4994 2
1762 4959 1789 4993 ο
1825 4947 1975 5007 paule
2013 4962 2074 5006 ω,
2130 4960 2157 4993 o
2196 4945 2291 4995 del.
2335 4946 2500 5006 Luyd.
2752 4947 2780 4994 3
2833 4954 3042 5008 expecto
3084 4945 3216 5008 T992
3459 4948 3488 4997 5
3538 4949 3665 4996 sorte
3704 4947 3835 4996 θοαί.
3876 4948 4019 5006 volqo

757 5031 788 5080 6
825 5029 1001 5098 proba]
1035 5035 1241 5093 probata
1277 5032 1306 5083 λ
1514 5029 1838 5098 probissimo]
1875 5033 2223 5095 probatissimo
2263 5033 2307 5079 Ε
2340 5035 2485 5093 volyo
2715 5033 2741 5080 7
2781 5036 3025 5096 poematis
3062 5032 3214 5098 λχὸῖρ
3249 5037 3391 5095 volyo
3621 5033 3652 5083 8
3690 5036 3936 5096 sulpitiue
3979 5032 4019 5079 Τ

768 5119 800 5179 (l
827 5134 885 5166 ex
910 5119 977 5181 p),
1020 5120 1284 5181 sulpitiiue
1310 5118 1360 5181 λ,
1402 5119 1664 5180 sulpitiest
1687 5120 1724 5181 l,
1764 5119 2022 5181 sulpitiem
2046 5116 2148 5180 vv2‚
2193 5120 2427 5180 sulpitiae
2455 5116 2614 5180 b2mu,
2654 5120 2935 5180 simplicine
2959 5117 3064 5182 992,
3105 5120 3300 5181 sulpitii
3327 5135 3419 5167 nee
3445 5121 3489 5167 E
3693 5121 3947 5182 apuleium
3983 5120 4023 5165 Τ

759 5204 790 5250 9
830 5206 981 5252 Tullii
1023 5205 1138 5254 add.
1170 5205 1220 5268 λ,
1259 5222 1355 5254 om.
1385 5212 1474 5254 cet.
1507 5206 1676 5266 v0l903
1720 5207 1772 5252 in
1799 5202 1935 5266 112992
1967 5211 2077 5266 post
2102 5211 2273 5252 extare
2309 5211 2379 5253 cat
2405 5207 2497 5255 lac.
2540 5210 2599 5252 m
2623 5205 2726 5264 fere
2752 5208 2847 5254 lm.
2879 5221 2946 5254 an
2974 5208 3227 5254 Ciceronis
3251 5207 3616 5268 supplendum?
3825 5208 4018 5269 episto·

757 5290 820 5338 lia
858 5307 954 5388 ωη
1091 5291 1177 5389 ’,10
1214 5293 1487 5354 simposion
1537 5293 1578 5338 T
1783 5293 1951 5353 epillia
1989 5308 2052 5354 w,
2099 5292 2285 5350 edyllia
2325 5292 2438 5340 Par.
2482 5295 2626 5352 volyo
2840 5292 2894 5341 11
2940 5294 3221 5341 sesceninos
3264 5292 3331 5343 Τλ
3549 5292 3606 5342 12
3646 5307 3902 5341 eunennm
3949 5290 4017 5340 Τλ

766 5392 825 5440 13
863 5395 974 5441 nita
1000 5407 1174 5442 seuera
1208 5396 1251 5443 T
1419 5410 1670 5444 maronem
1697 5397 1993 5494 plarthenien
2022 5393 2067 5457 λ,
2102 5397 2361 5455 uirgilium
2388 5396 2683 5456 parthenien
2711 5393 2870 5459 b299‘2,
2898 5397 3197 5458 parthenien
3225 5403 3338 5458 cet„
3368 5398 3685 5445 partheniam
3712 5398 3844 5447 8001.
3876 5398 4020 5457 volyo

763 5496 824 5545 14
860 5499 915 5545 in
958 5497 1018 5557 T,
1059 5512 1157 5546 om.
1197 5504 1287 5546 cet.
1326 5502 1472 5560 volyo
1700 5513 1777 5548 vn
1820 5500 1861 5546 Τ
2101 5497 2163 5547 15
2200 5495 2590 5569 αἰσχροσεμνὶαν
2628 5497 2816 5546 ὁῖυυῖΕ
2845 5513 2940 5548 om.
2985 5506 3071 5549 cet.
3116 5502 3306 5550 lacuna
3343 5502 3564 5551 indicata
3811 5500 3872 5550 18
3910 5501 4019 5548 uir-

759 5585 879 5643 gilio
917 5599 960 5632 ω
1171 5587 1464 5632 accersitum
1503 5584 1695 5652 ‘’²9²1ss
