4630 6435
759 457 845 519 66

1272 769 1332 808 10

1277 1285 1334 1323 1⁵

1272 1800 1334 1838 ‘20

1256 2122 1366 2192 17.

2246 454 2557 511 AVSONII

1440 646 1639 729 probe
1686 653 1751 711 et
1795 645 2062 730 pudice.
2117 666 2345 731 parce.
2401 645 2608 728 frugi,
2660 645 3003 710 abstemie:

1443 748 1752 829 facunde,
1807 750 1970 813 nulli
2018 749 2341 814 rhetorum
2387 749 2627 813 cedens
2672 748 2852 823 stilo,

1443 858 1508 917 et
1555 851 1914 937 disputator
1957 851 2044 916 ad
2087 851 2447 917 Cleanthen
2492 851 2795 929 stoicum,

1442 955 1751 1019 Scaurum
1797 954 2201 1037 Probumque
2247 954 2439 1020 corde
2485 954 2730 1020 callens
2775 955 2995 1020 intimo

1442 1065 1507 1122 et
1550 1056 1812 1141 Epirote
1857 1057 2059 1123 Cinea
2105 1078 2348 1123 memor
2392 1058 2637 1141 magis:

1442 1160 1686 1226 sodalis
1735 1168 1799 1225 et
1845 1161 2200 1241 convictor,
2255 1161 2489 1246 hospes
2524 1160 2802 1245 iugiter.

1441 1285 1668 1349 parum
1716 1264 1888 1347 quod
1931 1265 2202 1349 hospes,
2258 1265 2490 1330 mentis
2535 1263 2813 1347 agitator
2857 1286 3061 1331 meae.

1442 1367 1712 1432 consilia
1756 1368 1974 1433 nullus
2020 1376 2234 1433 mente
2279 1375 2410 1432 tam
2457 1389 2619 1452 pura
2664 1367 2842 1433 dedit

1441 1472 1547 1536 vel
1592 1472 1821 1537 altiore
1868 1471 2127 1537 conditu
2173 1471 2337 1537 texit
2383 1470 2556 1536 data.

1443 1574 1683 1640 honore
1727 1575 1896 1658 gesti
1940 1574 2349 1659 praesidatus
2391 1574 2688 1655 inclitus,

1443 1676 1662 1743 decies
1709 1698 1994 1742 novenas
2041 1678 2300 1744 functus
2347 1698 2654 1742 annorum
2703 1678 2917 1757 vices,

1444 1778 1605 1845 duos
1653 1780 2018 1863 relinquens
2065 1781 2335 1859 liberos,
2392 1788 2657 1845 mortem
2703 1782 2986 1866 oppetis,

1444 1883 1663 1948 dolore
1709 1884 1908 1949 multo
1952 1891 2085 1948 tam
2130 1890 2382 1948 tuorum
2428 1903 2621 1966 quam
2667 1904 2831 1949 me0.

1420 2123 1829 2189 AEMILIVS
1875 2124 2231 2189 MAGNVS
2276 2123 2700 2189 ARBORIVS
2746 2123 3094 2189 RHETOR
3140 2123 3551 2190 TOLOSAE.

1449 2278 1622 2343 Inter
1668 2285 1973 2361 cognatos
2018 2278 2147 2343 iam
2192 2278 2414 2357 fletus,
2469 2278 2817 2353 avuncule,
2875 2299 3132 2345 manes.

1617 2381 1784 2446 inter
1830 2381 2179 2447 rhetoricos
2222 2402 2393 2447 nunc
2437 2382 2890 2447 memorandus
2936 2382 3083 2447 eris.

1441 2483 1612 2549 illud
1658 2504 1820 2568 opus
1865 2484 2106 2568 pietas,
2161 2483 2337 2550 istud
2383 2484 2740 2549 reverenda
2784 2484 3062 2549 virorum

1618 2587 1879 2652 nomina
1922 2606 2037 2672 pro
2082 2587 2332 2671 patriae
2379 2588 2713 2671 relligione
2759 2588 3063 2653 habeant.

1310 2724 1335 2750 ο
1446 2690 1546 2756 bis
1590 2691 1887 2755 meritum
1934 2690 2177 2774 duplici
2225 2691 2623 2756 celebremus
2670 2691 2909 2757 honore
2953 2697 3285 2776 parentem

1279 3226 1333 3266 10

1277 3740 1334 3780 15

1270 4254 1329 4294 20

761 5099 818 5106 ἢ
909 5101 968 5104 --

1617 2794 1994 2876 Arborium,
2046 2793 2313 2859 Arborio
2360 2801 2541 2878 patre
2589 2801 2652 2858 et
2696 2814 2818 2859 avo
2865 2794 3143 2878 Argicio.

1445 2903 1719 2962 stemma
1763 2897 1879 2962 tibi
1924 2897 2128 2981 patris
2174 2897 2608 2977 Haeduicum‚
2666 2897 3031 2962 Tarbellica
3077 2898 3340 2963 Maurae

1616 2999 1839 3065 matris
1885 3000 2063 3083 origo
2110 2999 2269 3064 fuit:
2323 3000 2511 3064 ambo
2557 3020 2763 3083 genus
2806 3020 3164 3084 procerum.

1444 3102 1679 3168 nobilis
1726 3110 1790 3168 et
1837 3103 2055 3168 dotata
2102 3124 2290 3183 uxor,
2348 3102 2576 3168 domus
2622 3111 2686 3168 et
2730 3104 2983 3169 schola.
3042 3105 3253 3169 cultae

1616 3206 1974 3292 principum
2019 3207 2344 3273 amicitiae
2389 3206 2789 3291 contigerunt
2834 3206 3082 3273 iuveni.

1444 3309 1597 3375 dum
1646 3309 2049 3375 Constantini
2094 3311 2327 3375 fratres
2373 3312 2682 3395 opulenta
2726 3310 2961 3375 Tolosa

1618 3412 1796 3478 exilii
1841 3414 2056 3498 specie
2104 3414 2419 3499 sepositos
2465 3414 2741 3479 cohibet.

1445 3517 1719 3600 Byzanti
1766 3517 1917 3582 inde
1963 3537 2174 3582 arcem
2222 3518 2675 3600 Thressaeque
2722 3515 3128 3599 Propontidis
3174 3516 3397 3580 urbem

1616 3620 2232 3704 Constantinopolim
2282 3620 2457 3684 fama
2502 3620 2595 3684 tui
2640 3619 2912 3703 pepulit.

1441 3723 1580 3788 illic
1624 3724 1807 3788 dives
1853 3744 2044 3808 opum
2092 3723 2405 3806 doctoque
2451 3722 2542 3787 ibi
2587 3722 2868 3788 Caesare
2912 3722 3191 3786 honorus

1618 3826 1940 3891 occumbis
1985 3827 2309 3911 patribus,
2364 3827 2633 3908 Magne,
2688 3825 3159 3909 superstitibus,

1442 3929 1509 3993 in
1552 3929 1829 4012 patriam
1877 3936 1975 3995 set
2021 3937 2081 3995 te
2129 3930 2352 3994 sedem
2398 3948 2476 3994 ac
2520 3935 2930 3993 monumenta
2974 3935 3225 3992 tuorum

1615 4031 1925 4116 principis
1971 4032 2249 4115 Augusti
2293 4032 2572 4097 restituit
2614 4032 2845 4116 pietas.

1443 4132 1546 4198 hic
1592 4142 1858 4199 renovat
1904 4152 2166 4199 causam
2213 4134 2496 4200 lacrimis
2542 4142 2607 4200 et
2648 4133 2863 4199 flebile
2912 4153 3140 4199 munus

1611 4256 1866 4302 annuus
1909 4238 2167 4319 ingrata
2213 4238 2548 4320 relligione
2595 4238 2757 4311 dies.

1650 4477 1759 4543 18.
1807 4477 2288 4542 EXVPERIVS
2336 4477 2681 4543 RHETOR
2729 4476 3142 4542 TOLOSAE.

1442 4632 1762 4716 Exuperi,
1818 4632 2230 4697 memorande
2272 4631 2464 4710 mihi,
2520 4631 2797 4697 facunde
2844 4630 2984 4696 sine
3031 4639 3201 4697 arte.

1439 4734 1697 4800 incessu
1743 4734 1964 4818 gravis
2011 4743 2074 4800 et
2121 4734 2335 4799 verbis
2380 4734 2783 4818 ingentibuS‚
2840 4754 2946 4799 ore

1436 4837 1706 4920 pulcher
1750 4845 1815 4902 et
1860 4836 1944 4902 ad
1990 4857 2304 4902 summam
2353 4845 2650 4920 motuque
2697 4836 3047 4917 habituque
3095 4844 3398 4901 venusto:

1438 4939 1626 5024 copia
1671 4940 1772 5005 cui
1819 4939 2002 5004 fandi
2048 4941 2237 5022 longe
2283 4940 2746 5024 pulcherrima.
2802 4960 2995 5022 quam
3042 4939 3097 5002 si

1457 5099 1588 5110 ——ffiq

938 5183 998 5231 13
1037 5185 1170 5231 run.
1213 5185 1275 5232 N.
1319 5185 1380 5231 H.
1425 5184 1519 5231 v11
1557 5183 1640 5245 24,
1685 5183 1749 5232 ss

938 5266 1038 5320 17.
1117 5269 1177 5317 10
1217 5271 1333 5318 Hor.
1379 5269 1538 5317 Carm.
1583 5271 1633 5316 11
1676 5269 1718 5330 l,
1765 5269 1796 5316 4
1833 5271 2121 5331 principum
2160 5269 2407 5317 amicitias

933 5493 964 5540 9
1003 5495 1135 5555 prole
1183 5495 1232 5552 V,
1277 5496 1430 5557 probe
1468 5493 1632 5553 Luyd.
1885 5492 2156 5539 abstemiae
2206 5492 2245 5537 V
2281 5493 2424 5552 (corr.
2465 5489 2553 5551 νηῒ·
2811 5490 2871 5539 10
2907 5469 3158 5540 rhetorum
3208 5490 3247 5535 V
3286 5490 3334 5551 (h
3370 5489 3457 5550 m25

763 5578 927 5638 Luyd.
968 5582 1110 5639 rolyo
1326 5579 1386 5628 15
1426 5583 1585 5626 mast*
1634 5578 1674 5625 V
1712 5581 1755 5638 (a
1791 5577 1887 5626 del.
1929 5575 2018 5632 m2)
2236 5576 2301 5626 20
2340 5583 2495 5625 morte
2542 5579 2579 5623 V
2612 5593 2737 5625 corr.
2779 5579 2914 5626 θοαὶ.

937 5660 1035 5715 17.
1108 5665 1139 5714 6
1177 5667 1369 5714 Arsicio
1393 5661 1515 5730 [V]‚
1557 5665 1760 5724 Argicio
1786 5662 1940 5723 8001..
1982 5664 2199 5722 Agryclo
2226 5663 2516 5722 Mommsen,
2557 5664 2630 5723 cf.
2660 5665 2756 5712 XV
2783 5663 2815 5712 6

761 5752 1071 5800 Haeduicum
1113 5750 1381 5799 Mommsen

1597 5748 1655 5798 17
1696 5749 1783 5797 sed
1820 5745 1925 5815 [V]
2141 5748 2202 5798 19
2239 5751 2358 5797 hinc
2395 5746 2515 5816 [V],
2557 5751 2639 5799 hic
2675 5764 2780 5811 eqo,
2824 5763 2958 5799 nunc
2997 5749 3217 5798 Branda

3728 2298 3829 2349 206
3871 2302 4030 2359 (XVI)

3695 4649 3791 4699 207
3838 4653 4023 4710 ffxvn}

2624 5268 2682 5316 15
2722 5269 2872 5328 Verg.
2917 5268 3049 5315 Aen.
3091 5270 3114 5315 1
3159 5267 3238 5326 14,
3280 5269 3331 5314 11
3369 5267 3433 5315 22
3472 5268 3613 5317 dives
3650 5284 3797 5330 opum

3726 5491 3779 5539 11
3826 5493 4019 5541 Stoicen

3028 5663 3053 5710 7
3096 5663 3262 5710 Hedui
3288 5658 3412 5728 [V]‚
3457 5663 3672 5711 Aeduici
3699 5662 3830 5712 Scal.
3859 5665 4015 5722 volyo,
