4630 6435
1692 285 2081 342 APPENDIX
2127 287 2188 352 (1.
2227 281 2673 350 PERIOCHAE)
2687 327 2700 342 .
3691 288 3817 350 237

572 478 979 544 misericorde
1025 485 1338 559 servatur,
1390 498 1556 560 quae
1601 476 1983 542 calanticam
2030 476 2226 561 capiti
2270 494 2387 541 suo
2434 476 2756 560 demptam
2803 475 3054 541 natanti
3096 475 3553 541 accommodat.
3640 474 3822 541 cuius

573 581 685 647 ille
732 586 1092 646 sustentatu
1137 580 1222 645 ad
1270 598 1472 663 usque
1517 580 1883 646 Phaeacum
1930 580 2082 645 litus
2134 579 2372 646 evadit.

2138 871 2251 936 VI.

744 1025 856 1094 31.
1403 1016 1557 1111 <⁰94
1603 1020 1634 1090 ὃ
1683 1024 1788 1111 μὲν
1833 1025 1984 1090 ἔνθα
2026 1028 2290 1092 καθεῦδε
2334 1021 2630 1098 πολύτλας
2677 1026 2801 1098 δῖος
2841 1021 3227 1114 'Osos-0264).
3722 1036 3824 1086 450

986 1126 994 1136 '
1399 1129 1721 1215 Carpebat
1764 1149 2018 1195 somnos
2065 1129 2305 1195 dudum
2353 1149 2769 1195 aerumnosus
2816 1129 3061 1195 Vlixes,

741 1232 963 1299 Vlixes
1008 1241 1345 1318 postquam
1389 1233 1474 1298 ad
1503 1232 1866 1298 Phaeacum
1913 1233 2065 1298 litus
2110 1239 2436 1311 enaverat,
2487 1232 2933 1315 fatigationem
2980 1233 3171 1298 diluit
3214 1240 3455 1298 somno.
3531 1232 3648 1298 sed
3679 1253 3825 1300 cum

568 1336 750 1418 virgo
794 1336 1155 1418 Nausicaa,
1221 1337 1356 1402 filia
1400 1335 1573 1418 regis
1617 1335 1902 1416 Alcinoi,
1967 1335 2188 1400 ludum
2247 1335 2314 1400 in
2367 1343 2516 1402 acta
2575 1356 2718 1400 cum
2764 1335 3145 1418 aequalibus
3192 1343 3551 1416 exerceret,
3605 1355 3825 1401 somno

505 1461 532 1500 ⁵
572 1440 915 1519 excitatus,
969 1448 1038 1506 ut
1082 1447 1220 1505 erat
1261 1440 1508 1522 nuduS,
1561 1439 1804 1523 erupit,
1856 1437 2150 1504 foliorum
2194 1439 2489 1523 oppositu
2534 1438 2837 1523 pudenda
2879 1439 3157 1505 velatus.
3252 1447 3316 1505 et
3360 1459 3502 1505 cum
3548 1439 3825 1523 supplex

570 1563 782 1625 genua
827 1543 1047 1626 regiae
1091 1543 1357 1626 virginis
1403 1542 1879 1621 advolveretur,
1945 1542 2275 1608 Minervae
2319 1542 2625 1607 instinctu
2670 1543 2871 1608 movit
2920 1542 3419 1608 misericordiam
3479 1543 3824 1608 salutarem

568 1646 1031 1731 impositusque
1078 1651 1377 1729 carpento
1423 1651 1489 1711 et
1530 1650 1710 1709 veste
1754 1644 2030 1710 donatus
2077 1664 2278 1728 usque
2323 1645 2410 1709 ad
2453 1646 2760 1730 templum
2792 1645 3137 1729 Minervae,
3190 1647 3362 1728 quod
3407 1652 3556 1710 ante
3603 1646 3824 1711 urbem

572 1756 703 1830 est,
771 1748 1085 1814 suadente
1129 1748 1401 1830 virginis
1448 1747 1690 1832 pudore
1734 1747 2101 1832 pervehitur
2141 1748 2361 1831 ibique
2406 1747 2725 1813 familiare
2772 1748 2894 1813 sibi
2938 1769 3175 1814 numen
3221 1749 3415 1814 solita
3459 1749 3825 1833 precatione

567 1859 933 1926 veneratur.

2128 2143 2274 2207 VII.

742 2297 854 2364 32.
1402 2289 1459 2381 <⁰
1473 2295 1554 2370 Ως
1599 2293 1630 2362 ὃ
1680 2298 1783 2382 μὲν
1831 2294 1961 2362 ἔνθ’
2016 2293 2207 2384 ἠρᾶτο
2251 2292 2547 2370 πολύτλας
2594 2298 2717 2369 δῖος
2759 2292 3144 2383 Ὀδυσσεύς).
3724 2307 3818 2357 451

1397 2399 1639 2466 Orabat
1685 2419 1951 2485 superos
1996 2400 2238 2466 dudum
2284 2400 2544 2466 Laertia
2587 2401 2824 2485 proleS.

742 2503 1030 2569 Minerva
1074 2503 1334 2587 puellae
1382 2504 1668 2589 speciem
1727 2510 2019 2570 mutuata
2064 2503 2320 2569 Vlixem
2376 2504 2650 2587 primum
2707 2503 2777 2567 in
2834 2502 3172 2587 oppidum,
3239 2523 3387 2568 mox
3442 2503 3510 2569 in
3569 2505 3826 2569 domum

570 2609 817 2689 regiam
863 2606 1058 2672 ducit.
1155 2626 1425 2688 cumque
1470 2607 1665 2672 Arete
1710 2626 1871 2671 uxor
1913 2606 2167 2672 Alcinoi
2212 2613 2277 2672 et
2321 2605 2491 2672 unde
2536 2613 2783 2672 vestem
2844 2605 3110 2672 haberet
3169 2614 3234 2672 et
3294 2606 3476 2673 cuias
3534 2614 3704 2673 esset
3765 2613 3830 2671 et

501 2732 530 2769 5
569 2731 697 2794 qua
743 2717 911 2776 sorte
955 2710 1211 2776 delatus
1258 2728 1548 2776 sermone
1593 2710 1797 2795 ipsius
1841 2708 2268 2794 conperisset,
2320 2709 2554 2775 bonum
2590 2695 2885 2774 'animum
2931 2708 3171 2775 habere
3212 2709 3461 2790 iussus,
3515 2709 3827 2776 suadente

571 2833 843 2898 vespera
888 2812 1178 2878 concedit
1220 2813 1442 2895 quieti.

2100 3103 2277 3168 v111.
2304 3189 2311 3200 ³

745 3258 861 3327 33.
1414 3251 1647 3344 <Ἧμος
1695 3255 1750 3322 δ’
1804 3254 2113 3344 ἠριγένεια
2158 3254 2319 3344 φάνη
2371 3255 2803 3342 ῥοδοδάκτυλος
2846 3255 3025 3344 ἠώς).
3727 3271 3827 3320 452

1394 3361 1531 3426 Iam
1578 3361 1828 3426 caelum
1872 3362 2094 3426 rutilat
2138 3361 2339 3426 roseis
2383 3361 2631 3427 Aurora
2674 3360 3029 3443 quadrigis.

741 3464 1048 3530 Alcinous
1091 3463 1526 3547 navigationis
1570 3484 1940 3529 aerumnam
1989 3463 2354 3528 summatim
2400 3464 2483 3528 ab
2514 3462 2711 3528 Vlixe
2757 3464 3104 3546 cognoscit.
3185 3464 3420 3529 exinde
3464 3465 3660 3531 iussis
3693 3467 3829 3550 pri-

571 3568 853 3632 moribus
897 3568 965 3632 in
995 3567 1234 3632 curiam
1267 3567 1606 3632 convenire
1636 3566 1983 3632 adventum
2016 3565 2291 3650 hospitis
2337 3573 2402 3631 et
2430 3565 2778 3632 infortunia
2808 3566 3094 3632 diutinae
3131 3567 3494 3632 iactationis
3525 3568 3831 3652 explanat

503 3694 531 3733 5
571 3670 899 3753 accitoque
944 3669 1028 3735 ad
1073 3670 1434 3735 convivium
1484 3670 1673 3735 Vlixe
1719 3669 2025 3735 citharam
2071 3669 2252 3735 iubet
2294 3670 2556 3754 pulsare
2603 3669 3073 3751 Demodocum,
3142 3664 3252 3753 qu‘i
3313 3691 3454 3736 cum
3502 3671 3582 3736 de
3626 3672 3827 3737 Durio

572 3794 733 3857 equo
779 3779 844 3838 et
890 3772 972 3838 de
1017 3773 1243 3838 Troico
1289 3778 1576 3838 cantaret
1619 3772 1891 3855 excidi0,
1945 3773 2244 3838 lacrimas
2279 3772 2451 3837 Vlixi
2495 3772 2802 3838 memoria
2847 3772 3141 3839 fortunae
3188 3774 3533 3860 superioris
3579 3775 3820 3841 elicuit.

569 3895 732 3958 quas
778 3895 921 3941 cum
967 3876 1287 3941 occultare
1331 3875 1556 3941 sedulo
1601 3883 1936 3942 conaretur
1978 3882 2091 3941 aut
2134 3876 2312 3942 vultu
2359 3875 2773 3941 dissimulans
2818 3883 2931 3942 aut
2973 3884 3151 3944 veste
3194 3877 3556 3960 detergens,
3611 3878 3828 3942 oculos

569 3979 637 4044 in
695 3998 765 4045 se
821 3979 1100 4043 omnium
1160 3985 1224 4044 et
1280 3978 1558 4044 maxime
1616 3980 1790 4061 regis
1850 3979 2148 4045 advertit.
2256 3985 2390 4044 tum
2445 3978 2753 4045 Alcinous
2814 3999 3010 4044 causa
3069 3978 3332 4046 fletuum
3390 3980 3679 4062 cognita,
3746 4001 3827 4044 ex

572 4082 793 4148 ordine
841 4083 1115 4147 tolerata
1159 4080 1523 4163 dissereret,
1574 4081 1854 4164 benigne
1898 4082 2222 4166 pollicitus
2263 4080 2662 4146 adhortatur.

747 4429 772 4475 7
813 4431 945 4490 capti
984 4428 1029 4474 P
1233 4427 1262 4476 8
1300 4432 1639 4476 sustentatum
1675 4426 1720 4474 P
1923 4427 2162 4490 plicatum
2200 4426 2246 4473 P

746 4509 846 4566 81.
918 4515 947 4563 3
985 4515 1222 4577 plicatum
1263 4514 1308 4561 P
1532 4514 1817 4573 rigationem
1852 4514 1899 4561 P
2122 4512 2153 4562 4
2191 4514 2294 4560 fllia
2329 4525 2428 4561 om.
2475 4511 2566 4574 Uy.
2608 4514 2751 4572 vol90
2977 4518 3176 4561 exercet
3221 4513 3311 4573 Uy.
3542 4527 3747 4576 sompno
3784 4513 3831 4561 P

574 4600 603 4648 5
641 4602 924 4651 foloriorum
960 4600 1005 4646 P
1244 4601 1422 4661 suplex
1463 4601 1506 4647 P
1774 4600 1805 4647 6
1842 4600 1903 4648 sd
1938 4614 2100 4660 genua
2143 4599 2234 4659 Uy.
2274 4601 2417 4660 volyo
2659 4600 2904 4648 instinctu
2941 4598 2986 4646 P
3018 4614 3111 4648 ms.
3151 4602 3394 4660 Amat-sii,
3434 4603 3686 4649 instructu
3732 4600 3823 4662 Uy.

574 4686 604 4735 8
640 4688 713 4735 ita
748 4686 989 4734 suadente
1035 4685 1122 4745 Uy.
1165 4688 1306 4746 volyo
1515 4687 1811 4748 prouehitur
1855 4685 1944 4745 Uy.
1985 4687 2130 4745 volyo
2341 4686 2484 4733 solita
2520 4685 2665 4732 solita
2701 4686 2988 4747 precatione
3023 4691 3298 4735 ueneratur
3333 4685 3395 4747 P,
3435 4687 3581 4734 solita
3617 4699 3829 4735 uenera-

574 4775 710 4821 tione
747 4780 977 4835 precatur
1020 4771 1106 4833 U9.
1146 4773 1288 4832 volqo

745 4854 845 4910 82.
917 4857 947 4907 2
987 4860 1185 4907 lacertis
1221 4858 1266 4905 P
1471 4858 1501 4906 3
1539 4859 1707 4919 puelle
1743 4858 1960 4919 speciem
1997 4863 2228 4907 mutuata
2266 4856 2311 4904 P
2342 4872 2433 4906 ms.
2475 4858 2713 4920 Aeo-ursii,
2754 4860 2811 4905 in
2846 4859 3043 4920 puellae
3081 4860 3297 4920 speciem
3333 4863 3523 4906 mutata
3567 4858 3655 4919 89.
3681 4860 3827 4919 υοι9ο

572 4947 604 4995 4
641 4942 815 5010 Arete]
851 4960 879 4992 a
915 4958 1029 5005 rege
1061 4942 1105 4990 P
1308 4946 1482 4994 altinoi
1512 4943 1557 4990 P
1759 4944 1940 4991 habere
1966 4944 2011 4991 P
2217 4946 2296 4991 cui
2336 4944 2534 4992 adesset
2559 4943 2617 5002 P,
2662 4945 2774 4992 cuia
2805 4944 2957 5005 (cuias
2982 4944 3123 5007 Par.)
3156 4951 3290 4993 esset
3322 4944 3405 5005 Uy.
3623 4945 3652 4992 5
3690 4957 3824 4992 com·

571 5034 785 5095 perisset
829 5031 915 5092 U9.
1132 5034 1162 5083 6
1199 5033 1416 5084 concidit
1450 5031 1496 5080 P

744 5113 846 5169 88·
920 5119 950 5166 5
988 5119 1238 5176 cytharam
1277 5122 1322 5170 P
1530 5117 1663 5166 dorio
1700 5116 1759 5177 P,
1801 5117 1952 5165 dureo
1996 5116 2085 5177 U9.
2127 5118 2271 5176 volyo
2502 5115 2533 5164 6
2571 5117 2756 5164 excisio
2801 5115 2889 5177 L'y.
3100 5116 3375 5177 lachrymas
3419 5116 3505 5180 U9.
3718 5118 3823 5166 sor-

572 5210 697 5253 tune
735 5206 978 5267 superiori
1013 5205 1161 5263 lotuit
1197 5215 1241 5263 Ρ
1454 5205 1481 5252 ἰ’
1521 5205 1669 5253 uultu
1708 5218 1834 5282 quas
1869 5202 1916 5250 P
2122 5203 2152 5252 8
2188 5217 2384 5266 omnem
2422 5202 2467 5249 P
2672 5217 2784 5251 cum
2823 5203 2867 5251 P
2906 5202 3016 5263 Uo„
3060 5209 3167 5250 tum
3205 5202 3319 5254 Par.
3533 5209 3591 5251 ut
3626 5217 3689 5251 ex
3726 5217 3820 5253 ms.

572 5292 816 5344 Accursr'a’.
859 5296 914 5337 ut
950 5302 1126 5351 cunctg
1160 5324 1221 5363 ex
1269 5300 1361 5361 59,
1407 5292 1548 5351 υοῑ9ο
1777 5272 1822 5338 ’ῥ
1859 5290 2084 5337 tollersts
2119 5288 2164 5334 P
2405 5289 2621 5348 benigne
2659 5290 2823 5337 omnia
2867 5288 2953 5348 L’y.
2995 5290 3137 5350 volqo
3379 5289 3614 5351 pollicitis
3658 5288 3748 5349 Uo.

570 5377 822 5424 sdortstur
862 5373 904 5420 P
