4630 6435
863 434 1002 497 LVI
2250 434 2711 489 PROOEMIVM.

859 656 999 721 lunt
1042 656 1168 721 ista
1235 657 1518 736 ‘Felix,
1586 676 1704 722 seu
1747 657 2008 723 memini
2055 658 2192 722 sive
2238 657 2401 722 nihil
2447 658 2738 723 memini’
2801 666 2865 723 et
2909 665 2979 722 ut
3023 658 3260 742 optime
3307 679 3378 724 se
3422 659 3664 724 habent
3712 660 3814 738 34,
3870 661 3909 722 6
3965 657 4126 722 ‘Ae-

859 776 1011 840 tatis
1058 777 1301 842 meritis
1346 798 1510 842 anus
1557 779 1702 860 est',
1772 779 1864 843 ita
1909 799 2103 844 sensu
2148 778 2404 844 omnino
2450 798 2639 842 cassa
2683 785 2833 844 sunt
2887 780 3057 844 ‘Iam
3104 778 3351 845 meritis
3395 799 3559 843 anus
3604 785 3704 843 est
3748 784 3813 843 et
3855 777 4117 842 adhuc’.

861 895 1033 962 adde
1094 897 1266 980 quod
1311 905 1554 980 quanta
1598 899 1792 965 fuerit
1835 899 2236 965 librariorum
2283 899 2610 965 temeritas
2656 899 2723 964 in
2769 899 3085 984 scriptura
3130 898 3561 978 immutanda,
3631 919 3710 963 ex
3757 897 4010 961 XXVII
4055 899 4113 976 9,

865 1019 945 1080 23
994 1018 1338 1101 colligitur,
1392 1020 1459 1084 in
1504 1040 1630 1102 quo
1675 1040 1867 1085 versu
1913 1021 2111 1085 verba
2163 1021 2493 1086 ‘Fallaces
2540 1019 2784 1102 ligures
2836 1072 2851 1085 .
2894 1072 2908 1086 .
2952 1071 2966 1086 .
3019 1021 3210 1086 situs'
3256 1020 3324 1085 in
3374 1023 3420 1081 C
3463 1018 3818 1102 depravata
3864 1023 4012 1082 sunt
4054 1016 4118 1081 in

870 1138 1208 1204 ‘Audaces
1255 1139 1389 1205 licii
1441 1190 1454 1204 .
1496 1191 1508 1205 .
1554 1192 1566 1204 .
1618 1142 1890 1206 tamen’.
1985 1141 2102 1206 sed
2162 1141 2241 1206 de
2302 1140 2451 1205 aliis
2511 1142 2705 1206 etiam
2772 1140 3105 1224 scripturis
3152 1141 3438 1205 codicum
3487 1164 3575 1221 ω,
3640 1139 3876 1222 quibus
3923 1138 4124 1223 primo

862 1260 1083 1324 obtutu
1131 1279 1256 1324 non
1302 1261 1672 1342 offendaris,
1725 1283 1919 1343 quam
1965 1262 2245 1326 maxime
2292 1261 2572 1326 dubitari
2620 1267 2851 1345 potest.
2933 1261 3169 1327 etenim
3217 1261 3347 1325 IIII
3379 1264 3439 1340 3,
3481 1263 3560 1324 84
3609 1279 3773 1342 quae
3822 1260 4124 1343 leguntur

864 1379 930 1445 in
987 1385 1034 1441 V
1072 1380 1354 1446 Ausonio
1400 1382 1538 1446 sine
1587 1381 1783 1447 dubio
1829 1381 2217 1464 dignissima
2261 1389 2444 1464 sunt,
2513 1382 2725 1448 minus
2771 1389 2986 1448 autem
3034 1383 3291 1465 placent
3336 1401 3449 1460 ea,
3503 1401 3670 1464 quae
3716 1380 3863 1445 libri
3910 1405 3963 1443 ω
4011 1398 4125 1444 ex-

872 1499 1116 1582 hibent,
1170 1522 1249 1565 ac
1294 1501 1568 1568 fortasse
1616 1523 1696 1568 ea
1740 1522 1863 1580 res,
1920 1502 2091 1585 quod
2146 1501 2518 1566 ‘modulati'
2566 1522 2691 1566 non
2737 1502 3255 1585 intellegebatur,
3309 1500 3553 1565 homini
3598 1501 3850 1574 cuidam
3901 1520 4122 1565 ansam

869 1621 1048 1686 dedit
1104 1621 1190 1686 ad
1250 1622 1419 1687 hunc
1477 1644 1732 1688 versum
1795 1630 2036 1688 temere
2099 1623 2587 1688 immutandum.
2683 1623 2936 1688 XXVII
2989 1626 3088 1705 13,
3142 1629 3179 1685 5
3227 1622 3496 1687 offendit
3548 1621 3939 1705 ‘catalepta’
3987 1621 4125 1684 Ma-

861 1741 1033 1805 ronis
1080 1743 1336 1807 nomine
1383 1763 1509 1806 non
1554 1743 1828 1825 adiect0,
1881 1743 2054 1826 quod
2104 1749 2147 1807 V
2189 1745 2475 1828 praebet,
2528 1751 2593 1808 et
2636 1765 2697 1807 v.
2753 1747 2789 1807 3
2836 1745 3035 1809 verba
3089 1743 3290 1827 ‘quod
3336 1763 3892 1824 nonnumquam
3938 1761 4127 1826 prae-

863 1860 1086 1926 sumit'
1134 1883 1259 1926 non
1306 1863 1608 1944 Ausonii,
1665 1864 1779 1929 sed
1824 1864 2071 1929 librarii
2116 1885 2374 1928 manum
2422 1863 2693 1947 prodere
2738 1864 3061 1930 videntur.
3155 1862 3387 1927 mirum
3434 1862 3719 1946 profecto
3765 1870 3899 1944 est,
3954 1861 4124 1946 quod

870 1980 1122 2045 XXVII
1168 1986 1227 2064 9,
1271 1986 1354 2046 24
1400 1983 1467 2048 in
1513 2009 1566 2047 ω
1615 1992 1814 2066 extat,
1876 1985 2046 2049 ‘Iam
2095 1985 2332 2068 pelago
2378 1985 2605 2049 volitat
2649 1991 2964 2049 mercator
3006 1983 3340 2048 vestifluus
3387 1984 3557 2048 Ser.’
3634 1982 3911 2068 primum
3957 1982 4124 2047 enim

865 2101 1011 2183 quis
1064 2122 1307 2184 quaeso
1370 2125 1668 2188 umquam
1715 2105 1963 2172 audivit
2006 2106 2084 2171 de
2133 2105 2362 2170 Serum
2409 2104 2979 2187 navigationibus?
3043 2104 3149 2184 (cf.
3201 2103 3688 2169 Friedlaender.
3741 2104 3958 2168 Darst.
4009 2123 4127 2167 aus

867 2223 931 2285 d.
983 2222 1129 2288 Sitt.
1183 2225 1378 2288 Roms
1425 2226 1518 2289 11⁵
1565 2231 1638 2288 61
1679 2229 1832 2309 sq).
1929 2227 2164 2292 deinde
2224 2226 2327 2307 id,
2397 2225 2567 2309 quod
2612 2225 2934 2310 proprium
2982 2246 3059 2290 ac
3105 2225 3431 2310 peculiare
3478 2232 3580 2289 est
3625 2225 3886 2305 Serum,
3952 2223 4128 2288 desi-

859 2342 1119 2408 deratur
1180 2345 1245 2409 in
1306 2345 1426 2409 hoc
1490 2365 1716 2424 versu,
1784 2354 2313 2411 commemoratur
2359 2346 2425 2410 in
2471 2345 2785 2428 scriptura
2829 2345 3153 2410 Vossiani.
3247 2366 3325 2410 ac
3370 2345 3425 2410 si
3470 2365 3539 2410 re
3584 2365 3774 2426 vera,
3841 2344 3907 2409 id
3954 2344 4124 2427 quod

862 2461 1260 2546 intellegitur
1305 2486 1386 2530 ex
1432 2485 1621 2530 versu
1668 2467 1920 2557 XXVII
1974 2471 2074 2548 13,
2128 2473 2189 2540 5,
2241 2467 2454 2549 qualis
2500 2465 2565 2530 in
2610 2471 2656 2528 V
2695 2473 2890 2546 extat,
2942 2466 3269 2531 Ausonius
3315 2466 3381 2530 in
3428 2465 3705 2530 carmine
3752 2465 4127 2546 Vergiliano

863 2583 1023 2665 legit
1073 2584 1222 2667 ‘al’,
1273 2586 1419 2668 quis
1466 2606 1707 2669 quaeso
1755 2587 2080 2653 existimet
2124 2608 2269 2652 eum
2318 2586 2478 2650 illud
2536 2586 2667 2650 ‘al'
2715 2586 2779 2651 in
2811 2586 3018 2671 priore
3052 2586 3421 2651 recensione
3455 2586 3713 2651 silentio
3742 2585 4127 2651 transiisse?

865 2712 1032 2769 certe
1079 2704 1144 2768 in
1191 2726 1271 2771 ea
1315 2727 1439 2771 non
1494 2709 1659 2788 ι133,
1715 2708 1865 2784 min,
1922 2708 2114 2791 spin’,
2172 2706 2289 2772 sed
2347 2711 2508 2787 ί133,
2564 2707 2718 2788 1313,
2772 2707 2881 2771 sil*
2931 2707 3155 2781 eodem
3203 2707 3388 2771 modo
3436 2727 3559 2788 quo
3604 2705 3671 2770 in
3717 2705 3925 2771 altera
3954 2726 4130 2770 com-

861 2833 1311 2891 memorantur.
1408 2826 1523 2892 sed
1581 2829 1902 2893 turbatum
1966 2848 2108 2892 esse
2169 2828 2297 2892 iam
2358 2828 2709 2910 antiquitus
2771 2827 2891 2892 hoc
2952 2829 3089 2893 loco
3147 2849 3188 2892 a
3249 2827 3529 2893 librariis
3574 2824 3857 2891 ostendit
3902 2845 4129 2891 versus

862 2945 1174 3029 septimus
1233 2954 1474 3013 temere
1534 2947 1598 3012 in
1660 2969 1912 3029 eorum,
1981 2969 2148 3031 quae
2209 2947 2534 3030 Vergilius
2597 2949 2871 3028 luserat,
2939 2948 3601 3013 commemorationem
3660 2947 3947 3012 intrusus
4014 2947 4123 3029 (cf.

863 3066 1115 3151 Peiper.
1169 3070 1292 3131 285
1327 3072 1494 3151 sqq.)
1521 3069 1596 3151 ⁴).

1037 3186 1236 3252 Vides
1301 3207 1511 3273 pauca
1571 3196 1846 3269 restare,
1917 3211 2083 3272 quae
2143 3210 2211 3255 re
2257 3210 2412 3255 vera
2456 3189 2739 3255 Ausonio
2785 3189 2975 3255 tribui
3024 3189 3294 3274 possint.
3390 3195 3586 3271 atque
3633 3209 3714 3253 ex
3759 3187 3861 3254 his
3906 3187 4120 3283 etiam,

865 3308 919 3371 si
966 3308 1192 3374 eadem
1243 3311 1485 3374 trutina
1530 3310 1744 3374 omnia
1788 3311 2160 3376 examinare
2205 3313 2388 3392 velis,
2451 3332 2676 3376 vercor
2723 3319 2791 3376 ut
2835 3311 3145 3376 nonnulla
3186 3311 3308 3375 hoc
3355 3310 3794 3394 experimento
3841 3329 4135 3393 compro-

862 3430 1113 3495 bentur.
1212 3431 1361 3510 sed,
1424 3451 1504 3495 ne
1554 3432 1782 3513 longus
1830 3431 1984 3512 sim,
2039 3431 2165 3495 iam
2213 3432 2365 3496 huic
2411 3432 2832 3515 disputationi
2877 3433 3068 3497 finem
3115 3432 3475 3515 imponam,
3528 3430 3910 3514 praesertim
3958 3450 4124 3509 cum,

860 3551 980 3615 etsi
1028 3551 1359 3616 evincatur
1404 3552 1695 3616 diversas
1741 3552 1807 3616 in
1854 3553 2035 3617 libris
2074 3577 2125 3615 ω
2173 3553 2546 3635 scripturas,
2599 3573 2765 3635 quae
2811 3574 2893 3617 ex
2937 3553 3143 3617 altera
3188 3550 3563 3616 recensione
3607 3550 3933 3635 profectae
3981 3570 4128 3615 3333

862 3671 1194 3752 videntur,
1263 3693 1388 3737 non
1449 3673 1533 3737 ad
1581 3673 1935 3739 Ausonium
1999 3672 2404 3752 referendas,
2476 3672 2591 3738 sed
2653 3693 2873 3737 omnes
2934 3673 3331 3737 librariorum
3393 3672 3683 3737 lubidine
3744 3692 3822 3736 ac
3867 3671 4136 3735 licentia

860 3798 1032 3855 ortas
1079 3811 1225 3857 esse
1243 3797 1311 3875 5),
1366 3792 1466 3856 vis
1512 3802 2049 3876 argumentorum,
2106 3814 2271 3877 quae
2319 3812 2515 3876 supra
2560 3794 3028 3877 proposuimus,
3082 3813 3205 3857 non
3252 3791 3662 3874 infringatur.

1037 3912 1278 3989 Quodsi
1337 3912 1501 3977 haec
1553 3921 1724 3979 recte
1772 3913 2145 3997 disputavi,
2214 3912 2624 3978 statuendum
2674 3919 2774 3977 est
2816 3913 2981 3978 duas
3026 3913 3375 3995 antiquitus
3423 3912 3873 3996 opusculorum
3919 3911 4136 3975 Auso-

865 4032 1197 4098 nianorum
1261 4033 1550 4117 syllogas
1597 4035 1907 4099 extitisse.
2007 4054 2274 4117 quarum
2326 4055 2407 4098 ex
2454 4034 2663 4098 altera
2707 4032 3030 4098 fluxerunt
3075 4041 3412 4117 excerpta,
3481 4052 3646 4114 quae
3694 4032 4030 4097 codicibus
4078 4056 4132 4095 ω

866 4154 1295 4234 continentur,
1349 4176 1429 4219 ex
1475 4155 1683 4219 altera
1728 4155 2017 4238 profecta
2066 4162 2216 4219 sunt
2259 4162 2564 4237 excerpta
2606 4154 2674 4218 in
2709 4154 3022 4218 Vossiano
3054 4159 3117 4217 et
3149 4153 3461 4235 Parisino,
3514 4151 3901 4235 florilegium
3934 4152 4126 4233 illud,

859 4274 1027 4357 quod
1073 4295 1240 4339 nunc
1288 4274 1649 4359 dispersum
1694 4275 1761 4339 in
1807 4276 1971 4340 libro
2018 4277 2086 4339 S.
2140 4275 2351 4356 Galli,
2420 4274 2866 4351 Bruxellensi,
2921 4272 3214 4338 Parisino
3262 4275 3428 4335 4887
3476 4272 3753 4353 aliisque
3798 4272 3985 4337 libris
4029 4272 4135 4336 in-

859 4394 1141 4473 venitur,
1211 4395 1735 4478 Technopaegnii
1796 4397 2009 4479 capita
2066 4396 2387 4478 quaedam
2448 4394 2514 4459 in
2562 4393 2866 4458 Leidensi
2926 4400 2992 4458 et
3037 4392 3354 4473 Parisino,
3425 4393 3643 4458 Oratio
3691 4400 3756 4458 et
3801 4392 4127 4477 epistulae

857 4514 1359 4580 XXIII—XXV
1414 4515 1479 4579 in
1541 4516 1866 4581 codicibus
1912 4515 2347 4595 Paulinianis,
2420 4516 2500 4579 de
2561 4515 2793 4597 quibus
2840 4534 3035 4598 supra
3079 4513 3531 4598 exposuimuS,
3602 4512 3881 4595 denique
3929 4513 4134 4595 Eglo-

861 4657 1085 4717 garum
1135 4635 1422 4702 carmina
1467 4637 1595 4700 duo
1641 4644 1833 4718 atque
1880 4637 2347 4721 epigrammata
2390 4634 2733 4717 quaedam.
2819 4633 2979 4699 haec
3024 4634 3220 4717 igitur
3266 4635 3347 4700 (13
3394 4633 3722 4698 codicibus
3754 4632 4123 4698 sufficiant:

860 4764 1109 4840 cetera,
1165 4757 1411 4840 siquis
1458 4756 1640 4835 velit,
1698 4778 1778 4822 ex
1824 4757 2081 4841 Peiperi
2126 4757 2290 4822 libro
2338 4762 2549 4839 petat,
2604 4754 2788 4818 docto
2833 4754 3050 4819 hercle
3097 4774 3175 4818 ac
3219 4754 3572 4835 laborioso,
3626 4773 3817 4835 quem
3867 4753 4135 4837 saepius

861 4876 1287 4942 laudavimus

1031 5154 1082 5215 4)
1122 5157 1255 5216 quod
1291 5157 1394 5203 1111
1433 5155 1494 5216 3,
1540 5154 1559 5203 1
1603 5156 1792 5214 legitur
1827 5156 1877 5202 in
1919 5171 1961 5202 ω
2019 5156 2199 5215 ‘quem
2242 5160 2413 5202 mente
2450 5155 2570 5211 (·010,
2613 5161 2758 5215 pater
2795 5155 2944 5201 unice
2982 5153 3175 5202 rerum'
3215 5159 3385 5202 utrum
3423 5154 3624 5203 Paulini
3664 5154 3948 5201 imitatione
3993 5154 4136 5200 ‘om-

846 5221 1094 5302 31ρο1333
1131 5255 1294 5289 rerum
1332 5244 1547 5302 genitor’
1586 5224 1908 5289 confirmetur
1944 5256 2006 5287 an
2045 5255 2110 5288 ex
2149 5242 2238 5288 hoc
2276 5241 2473 5287 Paulini
2513 5255 2657 5288 versu
2696 5241 2939 5300 originem
2978 5240 3201 5302 duxerit,
3244 5242 3296 5288 in
3335 5242 3523 5289 incerto
3561 5241 3807 5301 relinquo.

1029 5328 1078 5383 5)
1122 5341 1186 5374 ne
1223 5342 1395 5375 versus
1432 5329 1635 5389 quidem
1673 5328 1825 5376 XXII
1871 5327 1913 5387 l,
1956 5327 1986 5375 9
2041 5326 2053 5350 ‘
2079 5328 2324 5387 Exemplo
2363 5327 2551 5375 confide
2589 5340 2723 5374 meo:
2774 5327 2846 5373 sic
2882 5328 3111 5387 protinus
3150 5332 3200 5375 et
3238 5325 3313 5374 te‘
3352 5329 3423 5375 ita
3458 5332 3772 5389 comparatus
3809 5330 3914 5386 est,
3974 5331 4037 5374 ut
4075 5340 4137 5373 eo

859 5420 1112 5475 tamquam
1149 5419 1441 5473 argumento
1478 5417 1654 5462 utaris.
1721 5428 1835 5460 nam
1876 5420 1932 5459 ut
1968 5412 2180 5460 concedo
2207 5413 2507 5469 Ausonium,
2553 5427 2664 5459 cum
2703 5411 2753 5458 id
2781 5396 3063 5459 carmenad
3092 5413 3383 5470 Gregorium
3411 5414 3614 5460 mittere
3639 5413 4008 5474 constituisset,
4054 5427 4136 5471 ea,

854 5514 983 5561 quae
1020 5499 1080 5547 ad
1109 5500 1408 5561 Hesperium
1446 5501 1729 5561 scripserat,
1771 5502 2037 5547 immutare
2072 5500 2317 5559 potuisse,
2362 5499 2435 5544 ita
2472 5498 2599 5545 nihil
2624 5499 2852 5559 impedit,
2894 5512 2991 5559 quo
3016 5501 3185 5545 minus
3213 5502 3493 5545 statuamus
3519 5500 3799 5546 Ausonium
3827 5499 4136 5557 Gregorinm

854 5587 1028 5634 eodem
1066 5587 1206 5633 modo
1243 5601 1340 5648 quo
1379 5587 1677 5648 Hesperium
1717 5587 2002 5633 adlocutum
2041 5597 2154 5631 esse
2195 5584 2517 5645 ‘exemplum
2544 5586 2642 5630 1331
2667 5585 2824 5644 patris
2849 5584 3020 5642 habes,
3063 5589 3121 5630 nt
3145 5584 3373 5645 protinus
3399 5590 3450 5630 31
3476 5584 3579 5645 13’;
3620 5587 3684 5631 cl'.
3719 5584 3927 5631 xxnn
3958 5582 4008 5645 1,
4045 5583 4132 5633 lo.
