4630 6435
758 446 882 508 200
2227 418 2536 494 Avsomi

2124 767 2268 833 XV.
2332 767 2630 853 <ΙΤΕΜ>.

1429 925 1740 1007 Pergame
1785 944 1911 989 non
1958 930 2129 989 recte
2174 923 2471 1008 poenitus
2518 922 2725 988 fronte
2772 921 3002 987 subisti
3950 938 4013 987 16

1602 1027 2023 1112 supplicium,
2077 1028 2291 1092 lentae
2338 1027 2508 1110 quod
2553 1046 2842 1091 meruere
2887 1044 3140 1090 manus.
3927 1027 4006 1084 (ω)

1428 1138 1497 1197 at
1540 1137 1640 1211 tu,
1697 1131 1809 1213 qui
1856 1129 2186 1211 dominus⁷
2242 1129 2578 1214 peccantia
2622 1130 2909 1196 membra
2954 1130 3254 1195 coherce:

1600 1234 1904 1299 iniustum
1952 1233 2155 1299 falsos
2201 1234 2569 1299 excruciare
2616 1253 2780 1298 reos.

1296 1362 1320 1397 5
1427 1344 1539 1401 aut
1584 1339 1859 1404 inscribe
1904 1338 2128 1413 istam,
2185 1358 2353 1419 quae
2399 1358 2522 1401 non
2570 1337 2704 1401 volt
2748 1336 3065 1413 scrihere,
3119 1336 3442 1407 dextram.

1602 1448 1715 1506 aut
1759 1442 2066 1526 profugos
2114 1442 2266 1507 ferri
2311 1440 2594 1526 pondere
2641 1446 2822 1504 necte
2870 1440 3091 1524 pedes.

2300 1665 2476 1731 XVI.

1431 1822 1648 1886 Canus
1694 1820 1970 1902 rogabat
2015 1820 2233 1885 Laidis
2277 1825 2525 1884 noctem
2574 1820 2826 1903 Myron:
3953 1835 4011 1883 17

1601 1924 1748 1989 tulit
1793 1924 2119 2008 repulsam
2168 1923 2480 2007 protinus.
3933 1924 4009 1981 (ω)

1429 2047 1819 2109 causamque
1867 2026 2070 2092 sensit
2116 2033 2181 2092 et
2225 2034 2421 2111 caput
2465 2026 2736 2109 fuligine

1604 2131 1848 2197 fucavit
1893 2138 2034 2195 atra
2080 2130 2459 2195 candidum:

1298 2257 1323 2294 5
1428 2234 1728 2317 idemque
1774 2235 1983 2315 voltu,
2037 2234 2210 2300 crine
2256 2255 2383 2299 non
2428 2233 2597 2299 idem
2646 2234 2869 2317 Myron

1604 2340 1829 2404 orabat
1875 2346 2120 2404 oratum
2167 2338 2367 2422 prius.

1434 2441 1550 2507 sed
1597 2442 1716 2507 illa
1760 2443 2028 2508 formam
2077 2462 2218 2508 cum
2265 2441 2508 2527 capillo
2554 2461 2931 2525 comparans

1605 2545 2040 2627 similemque,
2095 2565 2220 2610 non
2267 2546 2482 2629 ipsum
2529 2551 2697 2623 rata,

1437 2648 1709 2714 fortasse
1755 2656 1819 2714 et
1864 2650 2103 2734 ipsum,
2160 2649 2277 2714 sed
2322 2649 2547 2715 volens
2594 2648 2744 2713 ludo
2793 2648 2949 2729 frui,

1270 2775 1326 2814 ιο
1607 2752 1701 2817 sic
1748 2760 1849 2818 est
1890 2752 2118 2819 adorta
2161 2752 2504 2817 callidum:

1446 2856 1699 2940 ‘inepte
1745 2856 1900 2940 quid
1944 2878 2048 2922 me
2093 2856 2265 2938 quod
2310 2855 2606 2921 recusavi
2654 2860 2887 2937 rogas?

1607 2960 1773 3043 patri
1818 2958 2054 3042 negavi
2098 2960 2226 3025 iam
2273 2962 2439 3025 tuo'.

1982 3184 2190 3250 XVII.
2241 3183 2360 3249 AD
2407 3184 2790 3251 VXOREM.

1430 3337 1671 3404 Laidas
1716 3345 1780 3404 et
1826 3338 2172 3422 Glycerae,
2226 3339 2511 3405 lascivae
2558 3338 2817 3405 nomina
2862 3339 3114 3416 famae,
3953 3355 4014 3406 18

1602 3443 1875 3507 coniunx
1922 3443 1988 3506 in
2035 3449 2247 3508 nostro
2294 3443 2575 3508 carmine
2622 3464 2762 3507 cum
2811 3444 3093 3524 legeret,
3934 3443 4008 3500 (ω)

1432 3546 1655 3612 ludere
1700 3567 1802 3611 me
1851 3545 2015 3611 dixit
2057 3546 2356 3628 falsoque
2402 3547 2469 3610 in
2514 3567 2730 3612 amore
2774 3546 3007 3611 iocari:

1604 3656 1787 3715 tanta
1829 3650 1925 3715 illi
1971 3657 2190 3716 nostra
2234 3657 2334 3715 est
2380 3649 2462 3715 de
2509 3649 2826 3735 probitate
2871 3648 3056 3714 fides.

1961 3874 2205 3939 XVIII.
2264 3874 2383 3938 AD
2428 3874 2811 3939 EANDEM.

1430 4030 1601 4094 onr
1647 4029 1939 4095 vivamus
1984 4038 2054 4096 ut
2096 4029 2373 4095 viximus
2420 4037 2485 4095 et
2527 4037 2861 4095 teneamus
3954 4046 4015 4094 19

1602 4134 1900 4213 nomina,
1954 4154 2121 4218 quae
2168 4134 2373 4217 primo
2421 4134 2810 4217 sumpsimus
2854 4133 2920 4198 in
2969 4132 3286 4198 thalamo:
3931 4137 4012 4194 (ω)

1432 4257 1553 4301 nec
1599 4236 1765 4302 ferat
1809 4238 1945 4301 ulla
1990 4237 2160 4317 dies,
2220 4245 2289 4303 ut
2333 4245 2791 4302 commutemur
2833 4237 2898 4301 in
2947 4257 3143 4315 aev0,

1605 4339 1760 4423 quin
1805 4339 1918 4404 tibi
1966 4340 2084 4404 sim
2128 4341 2383 4407 iuvenis
2429 4347 2622 4423 tuque
2668 4341 2892 4425 puella
2937 4340 3117 4404 mihi.

931 4585 1073 4632 XVI.
1150 4584 1260 4633 Ael.
1306 4583 1471 4645 Spart.
1515 4585 1602 4632 vit.
1646 4585 1798 4632 Hadr.
1842 4583 1927 4646 20,
1972 4584 2002 4633 8
2039 4585 2141 4632 iam
2180 4586 2270 4632 hoc
2308 4587 2440 4646 patri
2478 4591 2564 4632 tuo
2601 4586 2777 4645 negavi

931 4810 1044 4860 XV.
1123 4811 1182 4857 In
1210 4808 1430 4857 eundem
1456 4809 1753 4869 Pergamum
1782 4807 1908 4856 «9εαὶ.
1939 4811 2082 4869 volyo
2289 4810 2304 4857 1
2352 4812 2556 4871 penitus
2591 4809 2701 4874 ΤΜ,
2744 4811 2955 4872 punitus
2980 4815 3089 4872 cet„
3132 4810 3369 4871 poenitus
3394 4809 3644 4857 Baehrens
3814 4809 3844 4858 3
3883 4822 4022 4856 men-

757 4898 845 4945 bra
887 4895 939 4943 M
1146 4897 1376 4944 coherces
1421 4895 1462 4941 Τ
1684 4895 1714 4943 4
1753 4897 2039 4944 excruciare
2083 4895 2228 4942 ΤΜΕ
2259 4901 2305 4944 et
2340 4894 2396 4942 v‘2
2438 4898 2506 4958 (in
2543 4911 2637 4958 quo
2675 4911 2737 4944 ex
2776 4899 2828 4944 in
2865 4911 2963 4944 ras.
3005 4893 3122 4958 ¹⁷12),
3162 4902 3238 4943 est
3276 4897 3495 4944 cruciare
3532 4900 3623 4943 cet.
3850 4895 3879 4942 5
3919 4909 4016 4942 non

760 4998 857 5033 om.
909 4985 951 5030 Τ
1156 4983 1274 5032 uult
1315 4982 1396 5046 Τχ

933 5070 1075 5119 XVI.
1154 5071 1231 5117 De
1266 5069 1470 5128 Myrone
1508 5069 1597 5131 qui
1634 5068 1804 5116 Laidis
1845 5068 2080 5129 (Thaidis
2114 5066 2187 5131 122)
2230 5074 2428 5117 noctem
2468 5076 2729 5130 rogauerat
2761 5085 2814 5133 χ,
2862 5068 2984 5117 Seni
3024 5068 3094 5130 M,
3135 5071 3197 5117 In
3234 5068 3480 5116 Mironem
3518 5082 3694 5114 canum
3733 5074 4019 5128 poscentem

762 5161 957 5204 noctem
996 5157 1180 5217 Laydis
1218 5157 1327 5203 seni
1364 5151 1432 5218 b2,
1484 5155 1686 5203 nullum
1722 5155 1903 5203 lemma
1945 5155 2000 5215 Τ,
2056 5155 2132 5204 De
2169 5155 2376 5215 Myrone
2412 5161 2465 5203 et
2501 5156 2655 5204 Laide
2692 5155 2823 5204 θοαί.
2865 5156 3011 5215 volyo
3278 5153 3300 5202 l
3341 5154 3552 5202 CIAnus
3596 5155 3637 5200 Τ
3678 5155 3719 5213 (1
3757 5157 3927 5213 minio,
3983 5154 4020 5201 C

762 5241 880 5290 add.
900 5239 986 5304 m2)
1158 5243 1317 5301 laydia
1342 5242 1383 5288 Τ
1543 5243 1708 5289 miron
1736 5239 1792 5288 M
1964 5241 1993 5289 3
2022 5243 2183 5290 sensit
2208 5242 2249 5288 T
2272 5243 2312 5305 (s
2334 5243 2424 5293 alt.
2448 5239 2523 5290 m2
2540 5256 2595 5288 esc
2616 5243 2652 5304 t)
2820 5243 3052 5301 fulligine
3087 5242 3127 5288 T
3300 5240 3330 5286 5
3368 5240 3517 5288 uultu
3551 5240 3628 5304 Τχ
3789 5244 3946 5288 miron
3970 5240 4022 5286 M

934 5328 1098 5376 XVII.
1175 5328 1251 5375 Ad
1288 5341 1497 5376 uxorem
1522 5325 1589 5388 b2,
1634 5328 1711 5375 De
1745 5317 1926 5376 uxoria'
1956 5328 2190 5389 opinione
2212 5344 2262 5388 υ,
2303 5328 2381 5376 De
2419 5329 2656 5389 opinione
2693 5342 2841 5390 quam
2878 5328 2940 5375 de
2977 5329 3065 5375 illo
3102 5328 3317 5375 habebat
3355 5327 3615 5388 (habuerat
3639 5324 3706 5387 1²⁸2)
3752 5329 3863 5375 eius
3899 5342 4022 5374 uxor

761 5409 961 5476 mpuv2,
999 5414 1193 5461 nullum
1217 5413 1524 5466 tammum
1549 5413 1706 5463 Laur.
1733 5417 1822 5473 81,
1852 5416 1938 5475 42,
1978 5415 2053 5461 De
2090 5428 2144 5462 se
2182 5421 2235 5462 et
2268 5428 2425 5461 uxore
2461 5414 2594 5463 θοαί.
2625 5415 2766 5474 υοῑρο
2980 5412 3002 5461 1
3045 5413 3263 5461 Thaidas
3288 5413 3526 5462 Heln-sius
3556 5412 3644 5475 (cs.
3678 5413 3825 5461 Mart.
3859 5414 4021 5460 XIIII

768 5503 882 5561 187,
928 5501 978 5561 2)
1194 5501 1402 5558 gliceras
1445 5500 1542 5547 ΤΜ
1747 5513 1873 5548 uxor
1903 5501 1960 5560 Τ,
2002 5501 2222 5547 coniunx
2257 5505 2349 5550 cet.
2391 5501 2546 5549 Laur.
2588 5505 2676 5564 81,
2718 5502 2786 5547 42

937 5585 1127 5633 XVIII.
1203 5586 1280 5632 Ad
1320 5600 1524 5634 uxorem
1554 5582 1806 5654 Μρὸρρῖμ,
1849 5587 1929 5634 Λᾶ
1965 5586 2179 5634 eandem
2217 5585 2286 5648 b2,
2328 5587 2406 5635 Ad
2441 5600 2649 5635 uxorem
2686 5600 2826 5635 suam
2862 5586 2994 5648 qnod
3031 5587 3212 5635 debeat
3248 5589 3426 5636 uiuere
3461 5592 3515 5634 et
3549 5587 3784 5635 oblectari
3808 5604 3864 5652 χ,
3901 5587 4019 5634 nul-

762 5675 869 5721 lum
893 5673 1072 5719 lemma
1103 5670 1161 5734 Τ,
1204 5671 1280 5717 Ad
1310 5686 1513 5720 uxorem
1539 5686 1679 5719 suam
1703 5673 1839 5722 Scal.
1868 5673 2012 5732 volyo
2224 5672 2246 5721 1
2289 5679 2350 5721 ut
2381 5674 2435 5732 Τ,
2476 5674 2609 5735 quod
2647 5678 2738 5722 cet.
2767 5674 2923 5734 υοῑρο,
2966 5688 3056 5721 ceu
3089 5674 3321 5721 Heinsius
3529 5673 3559 5722 3
3597 5679 3929 5723 commutetur
3956 5674 4015 5734 Τ,

763 5780 1133 5823 commutentur
1170 5772 1382 5837 Mb²99²,
1425 5748 1827 5845 commutei‘ii'p,
1872 5781 2234 5825 commutemur
2261 5773 2409 5841 ρ3χΕ
