4630 6435
1693 482 2084 539 APPENDIX
2126 484 2222 553 (ΙΙ,
2262 484 2364 537 DE
2402 482 2653 548 ROSIS).
3674 487 3797 545 245

1211 674 1448 738 vertice
1492 672 1798 740 collectos
1842 672 1963 739 illa
2010 674 2395 739 exsinuabat
2439 673 2711 740 amictus

1043 797 1103 836 30
1384 777 1514 842 iam
1560 777 1881 842 meditans
1928 776 2102 843 foliis
2148 797 2218 842 se
2262 797 2599 842 numerare
2644 777 2809 841 suis:

1210 900 1328 945 nec
1373 900 1577 945 mora:
1637 879 1903 946 ridentis
1949 879 2186 945 calathi
2232 880 2537 964 patefecit
2582 880 2884 945 honorem

1382 984 1660 1068 prodens
1703 983 1937 1048 inclusi
1983 982 2232 1048 semina
2277 983 2483 1049 densa
2528 984 2714 1050 croci.

1210 1086 1371 1152 haec
1418 1086 1641 1168 modo,
1694 1106 1861 1169 quae
1905 1093 2036 1153 toto
2081 1086 2457 1152 rutilaverat
2499 1086 2651 1170 igne
2696 1107 3016 1152 comarum

1383 1190 1632 1275 pallida
1678 1189 2004 1275 conlapsis
2052 1189 2371 1256 deseritur
2413 1188 2609 1256 foliis.

1041 1313 1102 1352 35
1211 1292 1490 1359 mirabar
1534 1293 1810 1359 celerem
1857 1292 2131 1377 fugitiva
2176 1299 2389 1359 aetate
2435 1292 2724 1378 rapinam

1381 1403 1446 1462 et
1489 1395 1640 1461 dum
1686 1403 2036 1462 nascuntur
2081 1396 2495 1461 consenuisse
2541 1415 2751 1461 rosas:

1206 1519 1356 1566 ecce
1401 1506 1465 1565 et
1509 1498 1778 1565 defluxit
1821 1499 1995 1564 rutili
2041 1519 2224 1565 coma
2269 1500 2507 1585 punica
2549 1498 2755 1581 floris,

1380 1602 1532 1668 dum
1579 1604 1838 1685 loquor,
1891 1609 1957 1668 et
1997 1603 2193 1668 tellus
2238 1609 2410 1668 tecta
2454 1603 2684 1668 rubore
2728 1602 2944 1668 micat.

1206 1712 1301 1772 tot
1343 1707 1592 1792 species
1636 1712 1973 1789 tantosque
2017 1712 2193 1771 ortus
2237 1705 2578 1790 variosque
2623 1711 2895 1771 novatus

1040 1830 1098 1872 ιο
1380 1831 1512 1875 una
1557 1810 1697 1875 dies
1742 1809 1986 1895 aperit,
2038 1808 2292 1875 conficit
2336 1809 2482 1895 ipsa
2526 1809 2690 1875 dies.

1207 1913 1683 1997 conquerimur,
1734 1914 2018 1993 Natura,
2069 1914 2285 1980 brevis
2331 1913 2502 1997 quod
2546 1913 2759 1998 gratia
2794 1962 3038 1977 .....
3069 1936 3080 1974 :

1379 2024 1702 2083 ostentata
1745 2017 1949 2084 oculis
1993 2017 2144 2083 ilico
2188 2017 2359 2083 dona
2403 2016 2601 2103 rapis.

1208 2142 1400 2205 quarn
1448 2122 1644 2204 longa
1688 2140 1817 2186 una
1863 2120 2032 2202 dica,
2085 2126 2267 2186 aetas
2315 2126 2445 2185 tam
2492 2121 2686 2203 longa
2730 2139 3048 2200 rosarum,

1378 2244 1538 2308 quas
1583 2224 2010 2308 pubescentes
2055 2224 2272 2289 iuncta
2319 2230 2579 2290 senecta
2623 2223 2878 2308 premit.

1037 2351 1098 2390 ιε»
1205 2349 1396 2413 quam
1448 2326 1636 2394 modo
1681 2334 2052 2394 nascentem
2100 2328 2328 2393 rutilus
2374 2327 2709 2412 conspexit
2754 2327 2962 2408 Eous,

1376 2433 1544 2498 hanc
1587 2432 1843 2498 rediens
1888 2451 2031 2498 sero
2077 2451 2346 2515 vespere
2389 2431 2556 2497 vidit
2597 2451 2813 2495 anum.

1205 2536 1319 2601 sed
1365 2536 1565 2616 bene,
1618 2536 1788 2619 quod
1833 2535 2058 2619 paucis
2103 2536 2256 2601 licet
2297 2535 2633 2600 interitura
2677 2533 2906 2600 diebus

1383 2638 1736 2705 succedens
1781 2659 2013 2704 aevum
2060 2644 2369 2724 prorogat
2411 2638 2559 2724 ipsa
2603 2657 2811 2703 suum.

1205 2743 1474 2827 collige,
1527 2742 1744 2826 virge,
1797 2761 2011 2825 rosas,
2065 2740 2218 2807 dnm
2264 2740 2384 2807 flos
2427 2761 2631 2806 novus
2678 2749 2742 2806 et
2784 2761 2953 2806 nova
2996 2741 3239 2827 pubes,

1037 2870 1097 2909 ευ
1379 2854 1444 2913 et
1484 2866 1728 2912 memor
1771 2854 1909 2913 esto
1953 2866 2182 2912 aevum
2231 2846 2326 2912 sie
2373 2865 2717 2932 properare
2761 2852 2963 2911 tuum.

536 3060 1356 3067 ——-—-——-—-————

705 3196 772 3246 45
820 3196 891 3259 cs.
933 3196 1102 3246 Helvii
1152 3195 1343 3245 Cinnae
1389 3195 1633 3256 Zmyrnae
1681 3197 1858 3256 fragm.
1909 3196 2042 3258 apud
2091 3195 2229 3246 Serv.
2283 3196 2344 3244 ad
2393 3196 2541 3257 Verg.
2598 3196 2774 3258 Georg.
2817 3196 2841 3243 1
2886 3191 2986 3245 288
3025 3196 3075 3242 te
3111 3193 3397 3243 matutinus
3434 3193 3636 3241 flentem
3674 3206 3792 3242 con-

527 3284 695 3343 spexit
729 3284 887 3347 Eous,
925 3288 978 3332 et
1015 3285 1222 3332 flentem
1258 3283 1407 3346 paulo
1443 3283 1575 3330 vidit
1609 3287 1723 3344 post
1757 3283 2016 3345 Hesperus
2050 3283 2184 3332 idem
2394 3283 2462 3333 49
2497 3297 2573 3345 sq.
2616 3282 2775 3331 Anth.
2820 3282 2930 3329 Lat.
2961 3279 3044 3343 84,
3087 3279 3119 3328 9
3156 3294 3220 3329 ne
3256 3284 3465 3342 pereant
3499 3280 3608 3343 lege
3644 3294 3790 3331 mane

531 3384 696 3421 rosasz
735 3372 834 3420 cito
870 3372 1010 3432 virgo
1046 3371 1266 3419 senescit

703 3695 771 3745 29
807 3698 1015 3746 colectos
1052 3698 1095 3744 A
1306 3697 1606 3745 exsinuabat
1642 3696 1754 3757 Ale,
1793 3697 2080 3745 exundabat
2116 3697 2230 3759 ΗΖ,
2281 3697 2557 3745 exinuabat
2602 3701 2694 3746 cet.
2909 3695 2973 3745 30
3010 3710 3295 3746 numrarare
3337 3697 3393 3744 M
3598 3695 3658 3744 31
3702 3697 3794 3746 hec

534 3784 602 3845 Η,
641 3786 763 3833 haec
804 3784 845 3830 Z
1053 3784 1195 3832 modo
1228 3784 1450 3844 lydentis
1493 3786 1534 3831 Ζ
1741 3784 1966 3832 ridentes
2007 3783 2063 3831 Μ
2269 3783 2417 3832 calati
2455 3783 2528 3830 Hl
2735 3783 2974 3846 patefacit
2999 3785 3059 3844 A,
3102 3783 3315 3846 patefeci
3343 3785 3390 3832 X
3594 3784 3790 3833 odorem

537 3870 578 3915 Ζ
786 3870 852 3919 32
889 3870 1163 3932 procedens
1201 3872 1251 3918 Χ
1457 3873 1645 3921 femina
1683 3870 1740 3919 M
1748 3871 1834 3918 ΥΧ
2039 3870 2184 3919 densi
2233 3871 2290 3933 Υ,
2329 3870 2511 3932 daensa
2546 3870 2600 3917 H
2805 3872 2870 3922 33
2908 3860 3009 3921 ἰοί0
3033 3870 3088 3917 H
3122 3870 3168 3933 (o
3192 3867 3283 3932 m2)
3498 3849 3793 3920 rutilauera‘

533 3956 586 4003 H
622 3958 661 4021 (t
695 3954 789 4019 m2)
1011 3957 1129 4017 lgna
1165 3956 1246 4020 ΡΙ,
1288 3958 1368 4017 ige
1407 3957 1459 4004 M
1681 3963 1952 4010 comati-um
1992 3955 2049 4004 Μ
2266 3956 2332 4007 34
2370 3958 2598 4019 collapsis
2637 3954 2826 4005 11th
2863 3958 2980 4006 Par.
3212 3957 3279 4006 35
3318 3958 3516 4006 ruinam
3556 3958 3792 4007 Heinsius

531 4042 591 4093 37
631 4058 745 4094 ecce
782 4039 857 4112 et]
893 4057 1043 4106 quam
1078 4045 1177 4093 cito
1215 4044 1386 4092 HlVZ
1572 4049 1715 4152 “mest
1750 4058 1848 4093 om.
1889 4045 1953 4107 Χ,
2007 4057 2047 4093 a.
2088 4059 2138 4093 υ.
2181 4042 2238 4090 Μ
2513 4043 2870 4092 deflusitrutali
2907 4044 2954 4092 A
3230 4045 3389 4092 riuuli
3434 4045 3488 4105 Υ,
3545 4045 3705 4093 rutuli
3741 4044 3796 4091 H

533 4162 639 4228 (νηί)
682 4166 731 4212 Χ
972 4163 1037 4214 38
1075 4160 1255 4232 tellus]
1292 4165 1432 4214 nullo
1474 4165 1535 4229 Z,
1573 4165 1716 4214 nulla
1750 4165 1805 4212 Η
1846 4164 2013 4227 (tellus
2047 4179 2116 4213 m.
2155 4165 2273 4227 rec.)
2524 4170 2658 4214 tacta
2695 4163 2785 4214 P¹a
3028 4161 3207 4215 n‘ibore
3246 4164 3307 4212 Ρι
3545 4165 3703 4213 micae
3740 4165 3785 4213 A

532 4249 598 4300 39
635 4256 800 4300 tantos
826 4254 1026 4301 torsosl
1201 4253 1425 4314 uariusq.
1459 4253 1505 4300 A
1712 4251 1780 4301 40
1818 4247 1940 4317 nna]
1975 4252 2090 4313 ipsa
2114 4267 2140 4301 ε
2333 4253 2548 4300 comilcit
2579 4252 2635 4315 Y,
2675 4254 2895 4301 conectit
2920 4254 2969 4302 Χ
3158 4248 3291 4320 ipsa]
3327 4266 3427 4300 una
3451 4248 3621 4299 HPssZ
3649 4252 3792 4312 volqo

530 4336 590 4387 41
633 4339 869 4387 lacunam
891 4341 1195 4404 εἰρηίᾓσαυίς
1238 4340 1413 4387 florum
1438 4344 1517 4387 est
1541 4337 1658 4387 add.
1689 4338 1734 4385 B
1766 4339 1848 4400 (m.
1877 4339 1995 4401 rec.)
2027 4336 2118 4388 Psse
2143 4339 2262 4387 Par.
2290 4340 2437 4399 volqo
2459 4342 2505 4385 et
2528 4351 2626 4387 om.
2655 4344 2735 4387 est
2761 4339 2816 4386 H
2835 4340 2979 4389 Harl.
3012 4342 3169 4399 3963,
3198 4341 3314 4387 talis
3339 4339 3453 4387 AVl
3476 4338 3623 4385 Harl.
3655 4339 3791 4387 2534

535 4424 678 4473 Eton.
732 4424 873 4475 vind.
917 4427 1052 4473 3224
1284 4425 1350 4474 42
1387 4426 1671 4474 obstentata
1714 4425 1767 4485 V,
1810 4429 2007 4473 ostenta
2043 4426 2086 4471 A
2319 4426 2504 4474 occulis
2549 4426 2588 4472 Υ
2808 4426 2940 4474 illico
2976 4422 3166 4473 ΑΗΙΡθ
3199 4426 3317 4476 Par.
3546 4425 3705 4487 raptls
3742 4424 3796 4471 Η

532 4510 596 4560 44
633 4507 782 4577 quaa]
818 4525 931 4559 cum
970 4511 1089 4558 ΑΠ’
1120 4512 1267 4560 Harl.
1311 4512 1446 4562 2534
1492 4511 1634 4562 vind.
1676 4513 1834 4574 3224,
1875 4516 1954 4561 est
1990 4511 2137 4560 Eton.
2411 4512 2718 4574 pubescenti
2753 4511 2814 4573 A,
2858 4514 3155 4574 pubescenti
3205 4513 3245 4558 V
3277 4513 3423 4560 Harl.
3466 4512 3601 4561 2534
3642 4511 3785 4561 Eion.

540 4599 685 4647 vind.
726 4601 880 4660 3224,
922 4599 1230 4662 pubescendi
1265 4600 1283 4645 l
1512 4600 1686 4647 uincta
1730 4599 1770 4645 Y
1998 4600 2184 4660 premit
2221 4596 2315 4648 1¹³⁶
2353 4599 2494 4660 Pan,
2532 4599 2701 4647 breuis
2736 4602 2827 4646 cet.
3057 4599 3123 4647 45
3160 4600 3331 4647 rutilis
3365 4599 3410 4646 Β
3452 4600 3483 4656 (i
3519 4612 3598 4658 pr.
3640 4612 3698 4644 ex
3734 4598 3785 4657 u)

530 4685 711 4734 P¹Yxl
747 4690 793 4734 ct
830 4684 887 4732 M
924 4687 998 4747 (ut
1032 4684 1263 4747 videtur),
1305 4686 1464 4733 rutuli
1503 4686 1558 4732 H
1594 4684 1704 4748 (νηί)
1932 4686 2169 4746 coupexit
2205 4687 2249 4732 A
2471 4699 2556 4734 eos
2595 4686 2655 4745 X,
2696 4686 2839 4736 euois
2878 4684 2948 4746 Μ,
2990 4686 3117 4735 edus
3154 4687 3199 4732 A
3419 4684 3485 4734 46
3522 4684 3687 4732 cuidit
3725 4684 3784 4744 Χ,

530 4773 663 4820 dixit
700 4774 718 4819 l
928 4786 1081 4820 unum
1121 4772 1167 4819 A
1375 4770 1439 4820 47
1479 4778 1557 4820 aet
1601 4772 1635 4818 V
1841 4767 1999 4839 quod]
2035 4772 2156 4834 quid
2192 4771 2263 4834 H,
2303 4785 2403 4834 que
2450 4773 2506 4834 V,
2548 4785 2697 4834 qnam
2724 4772 2788 4820 lZ
2996 4770 3062 4823 48
3100 4772 3407 4820 succendens
3446 4771 3507 4833 A,
3551 4771 3789 4819 succedes

540 4859 580 4904 V
785 4853 990 4925 aevum]
1025 4862 1078 4906 et
1114 4861 1242 4920 eutis
1277 4858 1330 4904 Η
1366 4860 1510 4919 (corr.
1537 4873 1604 4908 m.
1633 4859 1749 4919 rec.)
1968 4858 2055 4906 illa
2079 4859 2149 4906 W
2352 4857 2418 4906 49
2455 4859 2647 4918 conlige
2683 4859 2725 4906 V
2929 4857 3039 4906 uiro
3077 4857 3123 4904 B
3165 4858 3309 4919 (corr.
3335 4873 3404 4905 m.
3432 4872 3527 4906 rec.
3557 4846 3715 4918 nirg⁰)

531 4957 665 4991 unus
704 4943 756 4990 H
960 4943 1027 4993 50
1065 4941 1138 5010 et]
1174 4945 1260 4992 sed
1298 4944 1354 4991 H
1557 4950 1637 4992 est
1674 4943 1731 4990 Μ
1937 4945 2104 4992 Publii
2143 4945 2352 5004 Virgilii
2393 4944 2467 5004 (P.
2497 4944 2561 4993 V.
2591 4944 2816 5006 AP¹YX)
2860 4944 3076 4992 Maronis
3119 4944 3206 5005 (Μ.
3235 4944 3394 5005 AYX)
3440 4945 3630 5006 (egloga
3667 4943 3782 4993 add.

533 5029 687 5090 ΒΥΧ)
731 5030 793 5077 de
818 5032 943 5080 rosis
967 5031 1083 5078 finit
1107 5028 1328 5092 BP¹YX,
1372 5031 1598 5078 eiusdem
1626 5035 1871 5078 moretum
1913 5031 2259 5092 (ammoretum
2294 5032 2346 5093 Υ,
2390 5036 2643 5080 muretum
2671 5031 2734 5094 A)
2776 5030 2958 5093 incipit
2983 5032 3123 5078 ΑΥΧ
3138 5050 3150 5092 ;
3195 5031 3324 5079 idem
3349 5032 3571 5092 sequitur
3597 5033 3651 5078 in
3675 5027 3789 5076 BP¹
