4630 6435
823 438 1097 508 XLVIII
2220 433 2678 489 PROOEMIVM.

823 662 1101 746 denique
1147 662 1349 729 codex
1394 663 1942 743 membranaceae,
1998 661 2177 726 euius
2222 659 2571 745 'scripturas
2602 659 2907 725 Heinsius
2951 657 3019 724 in
3061 657 3353 742 margine
3398 654 3789 741 exemplaris
3818 655 4082 739 Lugdu-

820 783 1043 850 nensis
1087 784 1393 850 euotavit.
1488 790 1769 850 ceterum
1811 783 1881 849 in
1925 781 2027 848 his
2071 780 2253 847 libris
2299 780 2598 847 omnibus
2629 781 2854 848 eodem
2884 778 3093 860 modo,
3147 799 3273 862 quo
3303 778 3371 844 in
3399 777 3781 861 Mellicensi,
3833 785 4081 864 praeter

822 904 1224 970 monosticha
1267 905 1779 971 tetrastichorum
1824 922 2050 969 versus
2101 906 2129 966 1
2192 902 2621 985 (‘sequentes’
2669 901 2874 983 Meu„
2942 900 3258 967 ‘secutos’
3307 900 3455 983 cet.)
3509 906 3574 965 et
3620 901 3659 961 2
3705 898 4020 983 leguntur.

996 1026 1115 1091 His
1175 1024 1372 1107 igitur
1428 1025 1799 1109 praemissis
1861 1025 1943 1091 de
1999 1030 2299 1108 quattuor
2354 1023 2488 1088 illis
2546 1022 2872 1089 codicibus
2933 1021 3068 1088 iam
3129 1028 3322 1088 antea
3391 1023 3477 1108 (p.
3526 1021 3740 1105 XXII)
3811 1040 4083 1086 commc-

826 1147 1086 1211 moratis
1132 1166 1480 1230 exponam,
1534 1145 1768 1229 quibus
1813 1144 2215 1211 monosticha
2257 1151 2326 1211 et
2367 1143 2882 1210 tetrastichorum
2927 1163 3155 1209 versus
3204 1146 3404 1207 1-81
3457 1142 3891 1222 continentur,
3942 1140 4081 1208 dico

826 1265 1295 1331 Laurentianos
1336 1270 1437 1345 64,
1495 1269 1534 1329 9
1581 1266 1625 1331 f.
1674 1269 1843 1344 NP,
1899 1269 1980 1331 89
2025 1265 2143 1330 inf.
2184 1269 2221 1330 8
2269 1265 2317 1331 f.
2361 1269 2530 1345 112',
2584 1263 3083 1349 Neapolitanum
3130 1282 3295 1329 mus.
3345 1263 3526 1349 publ.
3575 1263 3840 1343 CXXV,
3895 1261 4084 1327 Glas—

826 1386 1199 1469 goviensem
1257 1406 1421 1452 mus.
1472 1387 1741 1453 Hunter.
1791 1387 1847 1451 V
1896 1390 1962 1467 3,
2024 1391 2126 1451 11.
2219 1405 2379 1470 quos
2438 1403 2660 1451 omnes
2718 1406 2798 1451 ex
2857 1385 3086 1450 eodem
3147 1385 3502 1470 exemplari
3559 1383 3880 1470 profectos
3941 1401 4082 1449 esse

827 1507 1021 1572 totius
1068 1507 1423 1592 scripturae
1469 1525 1820 1572 consensus
1865 1506 2165 1572 ostendit.
2260 1507 2432 1573 adde
2477 1506 2647 1589 quod
2692 1505 2919 1573 eadem
2965 1506 3031 1571 in
3077 1506 3372 1573 omnibus
3419 1512 3519 1572 est
3559 1504 3910 1589 inscriptiO,
3960 1504 4084 1569 nisi

828 1627 999 1710 quod
1041 1627 1109 1692 in
1155 1627 1608 1710 Glasgoviensi
1655 1647 1782 1694 uon
1839 1627 2188 1712 ‘Sydonii',
2259 1628 2376 1695 sed
2432 1627 2777 1692 ‘Suetonii'
2825 1626 3083 1709 legitur.
3179 1626 3244 1692 hi
3287 1626 3486 1710 igitur
3527 1625 3707 1707 libri,
3774 1644 3937 1709 quos
3982 1625 4085 1690 lit-

828 1754 968 1813 tera
1014 1753 1062 1809 Χ
1106 1748 1513 1830 significabo,
1582 1769 1664 1814 ex
1724 1748 1976 1814 duabus
2034 1748 2327 1832 partibus
2388 1747 2663 1814 confecti
2722 1753 2871 1812 sunt
2926 1748 3094 1812 inter
3152 1766 3221 1813 se
3282 1747 3576 1814 diversis.
3670 1767 3823 1812 nam
3867 1766 4086 1812 mono-

830 1868 1040 1934 sticha
1097 1873 1163 1934 et
1216 1868 1731 1935 tetrastichorum
1787 1888 2016 1935 versus
2082 1873 2108 1931 1
2162 1874 2227 1935 et
2272 1872 2310 1933 2
2371 1868 2752 1953 deprompta
2810 1873 2957 1933 sunt
3016 1888 3097 1934 ex
3157 1867 3376 1933 codice
3435 1868 3598 1933 libro
3656 1867 4085 1933 Laurentiano

830 1993 933 2072 66,
990 1992 1071 2052 39
1130 1988 1398 2071 eiusque
1457 1990 1788 2055 sodalibus
1849 1989 2211 2072 simillimo,
2278 1988 2352 2055 id
2410 1989 2577 2073 quod
2634 1988 2739 2055 vel
2785 2008 2862 2054 eo
2907 1989 3380 2072 comprobatur,
3450 1987 3622 2071 quod
3664 1987 3950 2070 quinque
3989 1986 4086 2052 illi

829 2129 1058 2176 versus
1112 2109 1344 2175 novicii
1399 2111 1468 2176 iu
1523 2110 1816 2177 omnibus
1876 2111 2178 2193 leguntur
2245 2112 2431 2194 (unus
2491 2108 2979 2192 Glasgoviensis
3036 2108 3310 2175 alterum
3370 2108 3452 2174 de
3503 2109 3651 2174 Tito
3706 2128 3962 2174 versum
4020 2106 4087 2172 in

831 2251 959 2313 mg.
1011 2251 1095 2295 m.
1148 2230 1263 2295 alt.
1313 2229 1638 2296 adiectum
1683 2231 1930 2315 habet).
2024 2230 2293 2312 aceedit,
2350 2230 2521 2313 quod
2565 2237 2630 2297 et
2672 2230 2739 2294 hi
2786 2237 2851 2295 et
2893 2229 2993 2295 illi
3039 2229 3186 2295 libri
3230 2229 3296 2294 in
3341 2229 3856 2295 tetrastichorum
3901 2246 4087 2295 versu

832 2351 1035 2435 primo
1092 2351 1367 2417 eandem
1427 2350 1806 2435 scripturam
1874 2352 2192 2417 ‘secutos’
2253 2351 2586 2417 exhibent.
2692 2350 2889 2417 ceteri
2943 2370 3205 2432 versus,
3272 2356 3418 2415 tetr.
3472 2354 3721 2433 3-81,
3787 2347 4090 2433 descripti

832 2479 983 2537 sunt
1040 2493 1121 2538 ex
1179 2472 1432 2553 codice,
1498 2471 1610 2556 qui
1656 2492 1801 2537 cum
1844 2471 2441 2555 Magliabecchiano
2494 2471 2562 2555 (f.
2619 2475 2781 2555 117¹)
2838 2492 3030 2554 quam
3076 2470 3356 2537 maxime
3401 2470 3831 2556 conspirabat.
3924 2489 4090 2551 quae

834 2610 937 2657 res
982 2598 1054 2657 ut
1097 2592 1288 2658 certis
1333 2592 1729 2676 argumentis
1773 2593 2192 2673 confirmetur,
2247 2594 2368 2658 has
2413 2611 2655 2675 quaeso
2697 2592 3005 2677 inspicias
3052 2592 3436 2676 scripturas:
3488 2594 3548 2674 2,
3607 2595 3684 2655 14
3740 2592 4085 2673 ‘gesserat'

838 2717 887 2775 Χ
937 2712 1233 2795 (‘gessit’
1280 2734 1404 2778 om.
1468 2713 1598 2777 ‘in’
1646 2716 1771 2797 M),
1825 2716 1905 2777 38
1962 2712 2218 2779 ‘fueris’
2269 2717 2400 2795 XM,
2457 2717 2526 2776 41
2595 2713 2918 2779 ‘cominus
2963 2715 3111 2778 usu'
3160 2717 3292 2795 XM,
3348 2717 3429 2777 55
3484 2711 3674 2777 ‘sibi’
3723 2717 3772 2774 X
3824 2714 3971 2796 (om.
4023 2714 4096 2775 M

836 2833 1071 2898 lacuna
1110 2832 1427 2913 indicata3
1503 2832 1688 2898 ‘uiri’
1733 2833 2081 2919 adscripsit
2122 2854 2353 2900 manus
2400 2853 2571 2900 saec.
2621 2833 2790 2917 XV),
2847 2837 2928 2897 59
2984 2834 3247 2918 ‘parte',
3312 2835 3618 2918 ‘patrem’
3667 2837 3804 2898 XM.
3853 2868 3941 2880 --
3982 2851 4093 2897 co-

836 2952 1015 3020 dices
1059 2953 1385 3019 Parisinos
1430 2954 1697 3021 contulit
1738 2956 1817 3021 A.
1856 2955 2165 3037 Schoene,
2221 2954 2768 3039 Montepessulani
2813 2954 3163 3039 scripturas
3208 2954 3287 3020 0.
3323 2954 3602 3035 Seeckii,
3655 2952 4093 3020 Bruxelleusis

837 3075 909 3140 O.
950 3074 1023 3138 L.
1060 3074 1413 3157 Ruelensii‚
1464 3075 1774 3160 praefecti
1806 3076 2275 3160 bybliothecae,
2330 3075 2537 3142 debeo
2568 3075 2963 3157 liberalitati,
3018 3082 3264 3141 ceteros
3293 3075 3490 3142 libros
3520 3081 3779 3159 praeter
3806 3075 4094 3139 Lauren-

834 3195 1079 3261 tianum
1111 3197 1192 3260 89
1223 3195 1340 3263 inf.
1379 3198 1437 3278 8,
1493 3196 2013 3282 Neapolitanum,
2070 3196 2625 3281 Glasgoviensem,
2679 3195 2759 3263 de
2807 3195 3039 3280 quibus
3084 3195 3218 3262 dixi
3264 3217 3330 3281 p.
3368 3195 3584 3278 XXII,
3636 3194 3778 3279 ipse
3811 3194 4088 3261 excussi.

1009 3317 1254 3396 Quodsi
1297 3317 1465 3382 hanc
1509 3317 1592 3383 de
1637 3317 1994 3399 codicibus,
2055 3317 2122 3383 in
2168 3318 2404 3400 quibus
2447 3319 2764 3383 Caesares
2809 3319 3139 3401 leguntur,
3196 3317 3696 3402 disputationem
3741 3317 4096 3401 perlustra—

839 3437 1040 3518 veris,
1096 3438 1483 3505 adsentieris
1527 3438 1686 3503 mihi
1729 3445 1884 3523 puto
1928 3439 2191 3522 neganti
2235 3438 2551 3523 impedire
2596 3438 2969 3522 quiequam,
3038 3458 3164 3522 quo
3210 3437 3422 3503 minus
3469 3438 3586 3503 hos
3632 3437 3831 3504 libros
3873 3455 4095 3503 omnes

838 3579 921 3624 ex
987 3578 1114 3625 uno
1180 3559 1535 3643 eodemque
1602 3560 1958 3645 exemplari
2021 3559 2287 3626 fluxisse
2356 3567 2674 3645 putemus.
2796 3565 2990 3643 atque
3055 3558 3228 3624 idem
3295 3558 3707 3625 statuendum
3774 3565 3949 3624 esset
4010 3556 4094 3623 de

839 3679 1022 3745 libris
1067 3703 1151 3763 ω,
1218 3680 1287 3745 in
1342 3679 1573 3763 quibus
1632 3687 1887 3766 praeter
1943 3680 2342 3747 monosticha
2397 3680 2918 3746 tetrastichorum
2971 3701 3080 3746 vv.
3131 3683 3414 3745 53—76
3474 3680 3861 3764 legunturw)
3890 3730 3905 3760 ,
3968 3677 4097 3744 nisi

840 3822 1037 3866 uuum
1095 3801 1410 3883 obstaret,
1481 3800 1623 3867 dico
1683 3801 2161 3887 inscriptionem
2205 3802 2386 3868 illam
2433 3800 2736 3866 carminis
2780 3801 2952 3867 tertii
2998 3801 3233 3867 decimi
3278 3802 3794 3867 tetrastichorum
3849 3799 4100 3865 ‘Nerva

840 3922 1162 3988 tetrarcha
1216 3923 1582 4006 (tetrarca)',
1637 3942 1804 4004 quae
1848 3922 1914 3987 in
1965 3927 2202 3988 VBWE
2243 3922 2498 4005 legitur.
2592 3922 2759 3986 hanc
2802 3921 3000 4005 igitur
3043 3922 3438 3988 Brandesius
3481 3922 3652 3987 Ann.
3701 3921 3864 4005 phil.
3905 3922 4088 3998 1881,

844 4045 926 4106 72
984 4062 1063 4108 ex
1134 4041 1571 4108 ‘tetrasticha’
1630 4049 1831 4107 ortam
1894 4062 2037 4109 esse
2096 4048 2273 4108 ratus
2320 4041 2686 4126 suspicatus
2730 4050 2832 4108 est
2873 4043 3258 4123 Ausonium,
3329 4063 3472 4108 cum
3517 4048 3662 4127 post
3705 4040 4101 4108 monosticha

844 4163 1197 4248 composita
1254 4170 1604 4229 ceterorum
1665 4169 1809 4248 post
1854 4163 2289 4230 Domitianum
2346 4162 2796 4246 imperatorum
2854 4163 3023 4228 vitas
3081 4183 3418 4246 moresque
3475 4162 3869 4229 tetrastichis
3912 4180 4101 4227 enar-

846 4304 991 4350 rare
1052 4283 1522 4365 constituisset,
1599 4283 1886 4349 carmina
1930 4284 2402 4350 XIII—XVIII
2461 4284 2924 4368 composuisse,
3001 4282 3235 4350 deinde
3292 4304 3487 4369 opere
3544 4283 3899 4369 interrupto
3957 4287 4104 4366 post

843 4404 1083 4469 multos
1129 4424 1332 4470 annos
1375 4404 1463 4470 ad
1507 4424 1650 4470 eam
1696 4425 1831 4470 rem
1876 4404 2148 4471 rediisse
2192 4424 2271 4470 ac
2313 4411 2448 4469 tum
2494 4404 2883 4470 carminibus
2928 4403 3180 4469 I—XII
3210 4411 3275 4469 et
3304 4404 3908 4470 XVIIII—-XXHII
3952 4422 4103 4468 con-

845 4525 1101 4610 scriptis
1158 4491 1500 4606 schedam,
1567 4525 1637 4590 in
1681 4546 1810 4608 qua
1852 4526 2136 4591 carmina
2180 4524 2653 4591 XIII—XVIII
2696 4526 2819 4591 hac
2862 4524 3274 4611 inscriptione
3328 4525 3799 4591 ‘Tetrasticha'
3847 4523 4102 4590 adiecta

843 4646 1254 4729 legebantur,
1320 4645 1803 4731 interposuisse.
1900 4666 2065 4728 quae
2125 4646 2488 4713 coniectura
2543 4646 2861 4712 subtiliter
2922 4667 3081 4712 sane
3141 4645 3504 4731 excogitata
3557 4653 3678 4711 est.
3771 4665 3892 4711 nec
3935 4664 4100 4728 quae

845 4767 930 4832 sit
987 4766 1121 4833 alia
1178 4766 1317 4833 eius
1373 4766 1466 4832 rei
1525 4766 1954 4851 explicandae
2012 4766 2178 4833 ratio
2231 4766 2445 4833 video.
2540 4787 2692 4832 nam
2751 4766 3091 4849 quominus
3150 4766 3544 4833 coniciamus
3602 4766 3965 4848 librarium,
4032 4772 4106 4830 ut

845 4887 983 4953 fere
1038 4887 1174 4954 fieri
1233 4888 1511 4969 solebat,
1582 4887 1652 4953 in
1704 4877 1995 4970 margine
2053 4888 2305 4953 titulum
2372 4887 2518 4952 huic
2577 4888 2770 4972 capiti
2831 4887 3186 4972 praefixum
3243 4888 3610 4973 repetiisse,
3685 4886 3752 4952 id
3806 4885 4095 4970 impedit,

846 5008 1024 5091 quod
1080 5009 1244 5075 haec
1295 5007 1627 5092 inscriptio
1680 5008 1749 5073 in
1806 5008 1949 5094 ipso
2011 5009 2321 5090 carmine,
2390 5008 2558 5092 quod
2613 5008 2682 5073 iu
2727 5032 2779 5070 ω
2841 5009 3352 5075 tetrastichorum
3414 5008 3686 5093 primum
3733 5007 3943 5073 locum
3989 5007 4106 5072 ob-

844 5130 1025 5212 tinet,
1077 5129 1422 5196 invenitur.

1022 5408 1106 5469 49)
1148 5421 1263 5456 nam
1312 5408 1600 5470 conspirant
1646 5409 1946 5472 plerumque
1995 5422 2110 5457 cum
2159 5408 2211 5470 V,
2265 5424 2563 5472 quamquam
2613 5410 2853 5472 quaedam
2906 5411 3239 5459 inveniuntur
3284 5412 3336 5458 in
3385 5409 3461 5458 eis
3510 5410 3758 5472 serpentis
3794 5409 4104 5472 corruptelae

846 5495 1226 5556 grassantisque
1262 5494 1568 5543 librariorum
1607 5496 1907 5544 temeritatis
1945 5496 2184 5558 vestigia,
2238 5498 2396 5544 veluti
2439 5495 2497 5560 1,
2536 5496 2603 5547 40
2643 5498 2699 5545 ‘a
2735 5496 2912 5546 morte'
2951 5513 3026 5559 ω,
3085 5498 3242 5545 ‘orbis
3279 5496 3433 5546 amor*
3479 5496 3534 5561 V,
3587 5496 3634 5560 2,
3676 5496 3741 5547 63
3782 5497 4105 5557 ‘sociatisque

847 5582 1018 5631 uirum
1055 5581 1353 5631 documenta
1386 5582 1645 5630 daturum’
1683 5596 1750 5644 ω,
1805 5582 1915 5631 ‘cui
1952 5583 2158 5631 iunctus
2193 5584 2290 5631 erit
2326 5582 2624 5633 documenta
2659 5584 2896 5632 daturus'
2942 5584 2991 5644 V,
3045 5597 3143 5646 quo
3179 5583 3285 5632 loco
3325 5584 3467 5632 ‘erit’
3505 5588 3640 5632 recte
3677 5598 3729 5631 se
3767 5583 3943 5644 διδοῖς
3985 5596 4100 5629 nam

850 5669 894 5716 si
939 5667 1083 5716 nobis
1131 5673 1300 5716 mente
1347 5669 1585 5729 fingimus
1619 5670 1904 5718 Ausonium
1954 5669 2100 5731 quasi
2141 5674 2503 5718 monstrantem
2539 5670 2896 5731 imperatorum
2931 5669 3209 5732 imagines,
3260 5683 3358 5718 non
3397 5671 3570 5732 inepte
3607 5671 3700 5718 ille
3735 5670 3901 5717 dicere
3936 5671 4109 5732 potuit

855 5756 964 5804 ‘cut
999 5756 1206 5804 iunctus
1242 5753 1377 5817 θῆτ’,
1419 5756 1667 5803 Antonini
1706 5756 1778 5804 Pii
1818 5756 1972 5805 vitam
2007 5768 2267 5816 moresque
2304 5759 2545 5817 carmine,
2583 5757 2713 5818 quod
2750 5759 3070 5819 sequebatur,
3113 5761 3454 5805 enarraturus.
