4630 6435
780 424 864 485 84
2257 416 2563 471 Avsouu

1277 634 1337 674 55
1447 610 1756 695 spectaris
1804 610 2006 674 vitreo
2051 628 2167 693 per
2211 607 2382 674 levia
2427 614 2611 689 terga
2656 607 3004 690 profund0,

1445 714 1675 779 secreti
1719 713 1879 777 nihil
1925 713 2132 776 amnis
2179 712 2457 776 habens:
2512 717 2706 793 utque
2750 712 2961 775 almus
3005 718 3227 796 aperto

1443 816 1747 901 panditur
1788 815 2022 880 intuitu
2069 814 2336 897 liquidis
2382 813 2747 898 optentibus
2790 833 2906 879 aer

1443 940 1562 985 nec
1609 918 1845 1003 placidi
1891 917 2231 1003 probibent
2275 918 2495 983 oculos
2542 937 2658 1001 per
2701 917 2921 982 inania
2964 916 3174 996 venti,

1444 1024 1537 1088 sic
1582 1023 1877 1088 demersa
1921 1022 2144 1106 procul
2191 1020 2461 1087 durante
2508 1042 2622 1106 per
2664 1021 2895 1086 intima
2938 1020 3081 1085 visu

1275 1150 1333 1190 σο
1443 1128 1760 1193 cernimus
1804 1127 2149 1210 arcanique
2193 1132 2373 1209 patet
2416 1125 2748 1210 penetrale
2794 1124 3129 1210 profundi,

1443 1251 1586 1295 cum
1633 1230 1803 1295 vada
1845 1231 1991 1295 lene
2037 1235 2256 1295 meant
2299 1229 2688 1312 liquidarum
2738 1235 2802 1294 et
2845 1230 3071 1313 lapsus
3118 1249 3430 1313 aquarum

1442 1334 1654 1419 prodit
1698 1333 1995 1398 caerulea
2040 1333 2369 1417 dispersas
2416 1334 2561 1397 luce
2604 1331 2882 1414 figuras:

1441 1437 1610 1521 quod
1658 1438 1907 1502 sulcata
1953 1436 2080 1501 levi
2127 1435 2446 1520 crispatur
2489 1436 2735 1500 harena
2781 1442 3029 1517 meatu,

1441 1542 1752 1606 inclinata
1796 1546 2075 1605 tremunt
2118 1539 2310 1604 viridi
2355 1540 2523 1622 quod
2573 1539 2870 1620 gramina
2915 1537 3148 1618 fund0,

1274 1669 1335 1708 οὗ
1444 1665 1645 1728 usque
1692 1646 1809 1709 sub
1855 1643 2155 1726 ingenuis
2200 1644 2485 1727 agitatae
2532 1642 2814 1708 fontibus
2861 1643 3099 1708 herbae

1442 1750 1771 1814 vibrantes
1816 1748 2145 1832 patiuntur
2190 1765 2420 1828 aquae,
2477 1747 2773 1829 lucetque
2820 1747 3103 1830 latetque

1444 1851 1731 1917 calculus
1778 1857 1843 1915 et
1884 1850 2156 1915 viridem
2204 1848 2543 1932 distinguit
2587 1849 2813 1932 glarea
2856 1869 3168 1915 muscum.

1442 1962 1575 2020 tota
1619 1952 1988 2019 Caledoniis
2033 1953 2183 2018 talis
2228 1953 2485 2037 pictura
2532 1952 2891 2034 Britannis,

1443 2078 1584 2123 cum
1629 2057 1871 2122 virides
1915 2058 2102 2140 algas
2147 2062 2212 2121 et
2255 2057 2448 2121 rubra
2491 2056 2759 2121 corallia
2802 2057 3003 2122 nudat

1274 2186 1333 2226 -ιο
1441 2167 1658 2226 aestus
1704 2167 1769 2226 et
1813 2161 2138 2239 albentes,
2195 2159 2581 2225 concharum
2625 2160 2953 2242 germina,
3004 2160 3237 2239 bacas,

1443 2265 1713 2330 delicias
1757 2265 2119 2347 bominum,
2174 2264 2603 2349 locupletibus
2648 2270 2843 2346 atque
2890 2265 3010 2328 sub
3056 2262 3249 2328 undis

1442 2370 1836 2435 adsimulant
1879 2376 2130 2433 nostros
2174 2367 2428 2433 imitata
2475 2367 2738 2433 monilia
2784 2368 3014 2433 cultus.

1440 2473 1618 2538 haud
1662 2473 1851 2537 aliter
1893 2471 2190 2557 placidae
2236 2472 2458 2537 subter
2501 2472 2673 2537 vada
2720 2471 2893 2537 laeta
2937 2472 3249 2537 Mosellae

1441 2575 1685 2660 detegit
1729 2576 2049 2641 admixtos
2093 2596 2221 2641 non
2266 2576 2564 2642 concolor
2609 2575 2812 2641 herba
2856 2575 3137 2659 lapillos.

1275 2704 1334 2742 75
1614 2681 1901 2744 Intentos
1946 2686 2160 2744 tamen
2206 2698 2409 2761 usque
2456 2679 2674 2743 oculos
2720 2698 2932 2744 errore
2978 2677 3254 2761 fatigant

1443 2782 1929 2863 interludentes,
1987 2782 2286 2848 examina
2330 2781 2613 2864 lubrica,
2668 2782 2902 2865 pisces.

1441 2886 1557 2953 sed
1602 2907 1809 2970 neque
1853 2893 1946 2952 tot
1989 2886 2242 2971 species
2288 2887 2775 2969 obliquatosque
2820 2893 3111 2969 natatus,

1441 3011 1734 3074 quaeque
1780 3011 1896 3074 per
1939 2990 2283 3056 adversum
2332 2990 2683 3058 succedunt
2727 2992 2989 3074 agmina
3030 2989 3300 3070 flumen,

1441 3094 1829 3177 nominaque
1873 3100 1938 3158 et
1982 3100 2242 3158 cunctos
2287 3112 2666 3159 numerosae
2712 3094 2930 3177 stirpis
2977 3095 3273 3159 alumnos

1275 3221 1335 3261 so
1444 3196 1636 3263 edere
1682 3197 1783 3262 fas
1827 3204 1939 3262 aut
1982 3196 2097 3263 ille
2142 3197 2329 3279 sinit,
2383 3196 2488 3262 cui
2534 3217 2687 3262 cura
2733 3197 3058 3263 secundae

1446 3301 1634 3365 sortis
1681 3308 1744 3365 et
1786 3301 2086 3382 aequorei
2133 3300 2330 3367 cessit
2371 3301 2575 3366 tutela
2618 3300 2935 3366 tridentis.

1446 3412 1514 3467 tu
1560 3403 1716 3468 mihi
1763 3403 2082 3469 flumineis
2130 3404 2480 3470 habitatrix
2525 3404 2687 3469 Nais
2732 3405 2798 3468 in
2845 3405 2976 3469 oris

1447 3509 1840 3593 squamigeri
1885 3510 2105 3592 gregis
2151 3509 2272 3575 ede
2318 3510 2544 3574 choros
2590 3509 2962 3592 liquidoque
3008 3510 3128 3574 sub
3174 3511 3362 3574 alveo

1448 3612 1696 3678 dissere
1742 3612 2036 3678 caeruleo
2082 3611 2408 3680 fluitantes
2453 3632 2641 3677 amne
2687 3619 3002 3678 catervas.

779 3798 1392 3806 fflj-——w‘
1433 3799 1599 3804 „Vq-

951 3908 1015 3956 59
1040 3922 1115 3969 sq.
1156 3908 1418 3955 claudian.
1458 3908 1520 3955 de
1557 3914 1683 3970 rapt.
1725 3907 1861 3955 ProS.
1906 3908 1953 3955 11
1995 3908 2091 3956 116
2117 3923 2191 3971 sq.
2240 3911 2456 3970 (imaque
2493 3910 2747 3971 perspicui
2784 3910 2951 3970 prodit
2987 3913 3178 3956 secreta
3210 3905 3473 3970 profundi)
3667 3908 3730 3956 77
3760 3924 3833 3970 sq.
3878 3911 4031 3969 Verg.

778 3995 954 4053 Georg.
985 3996 1032 4041 11
1065 3992 1157 4041 103
1183 4008 1255 4055 sq.
1299 3993 1383 4042 sed
1424 4007 1589 4055 neque
1626 4009 1772 4054 quam
1809 3996 2000 4043 multae
2036 3996 2247 4057 ερεείεε,
2292 4009 2385 4043 nec
2422 3997 2623 4043 nomina
2659 4009 2787 4057 quae
2824 3997 2948 4055 sint,
2988 4002 3067 4042 est
3104 4009 3344 4044 numerus
3504 3994 3570 4044 80
3597 4010 3673 4056 sq.
3714 3996 3865 4055 Verg.
3898 3997 4032 4044 Aen.

778 4082 825 4127 11
864 4080 963 4128 779
1001 4082 1077 4128 fas
1114 4084 1203 4128 aut
1237 4080 1323 4127 ille
1362 4081 1483 4128 sinit
1555 4081 1678 4129 Luc.
1718 4080 1888 4130 Pham.
1920 4082 2019 4128 1111
2051 4080 2145 4129 110
2172 4096 2248 4144 sq.
2290 4083 2363 4130 sio
2399 4086 2529 4129 sorte
2566 4082 2786 4129 secunda
2823 4082 3055 4142 aequorei
3093 4087 3251 4129 rector
3286 4082 3461 4141 facias,
3502 4081 3757 4143 Neptune,
3799 4082 4037 4129 tridentis

953 4357 1018 4406 55
1055 4359 1191 4406 niteo
1225 4357 1291 4420 Β,
1329 4357 1464 4405 uitre
1500 4357 1551 4403 X
1773 4356 1839 4405 56
1876 4356 1967 4405 sed
2001 4358 2096 4404 reti
2134 4357 2181 4404 Χ
2387 4357 2541 4404 nichil
2578 4392 2592 4408 .
2627 4393 2640 4406 .
2671 4393 2684 4406 .
2727 4358 2881 4406 habes
2921 4358 2963 4404 Z
3172 4359 3318 4407 almis
3359 4358 3403 4404 X
3626 4357 3689 4406 57
3728 4360 3880 4405 intitn
3918 4359 3964 4405 Χ

777 4445 1042 4505 optutibus
1077 4443 1181 4504 ΘΒ,
1223 4444 1483 4491 obtutibus
1518 4446 1631 4505 eet„
1675 4444 1966 4491 obtentibus
2004 4457 2235 4505 anonym.
2278 4445 2333 4490 in
2367 4445 2543 4491 annal.
2586 4443 2807 4491 Heidelb.
2856 4446 2988 4492 1829
3020 4459 3073 4504 p.
3107 4445 3207 4491 400
3465 4442 3530 4492 58
3567 4444 3734 4492 oculos
3777 4444 3818 4490 G
3863 4445 3905 4506 (o
3941 4444 4032 4491 ale.

775 4545 833 4578 cx
870 4532 904 4592 i)
1138 4528 1204 4577 59
1240 4529 1456 4577 dimersa
1495 4529 1539 4574 Z
1763 4528 1828 4577 60
1869 4530 2170 4591 archanique
2214 4529 2396 4589 ΟΒΖλ,
2440 4531 2705 4591 arcanique
2744 4531 2793 4578 Χ
2835 4530 2924 4590 Uy.
3138 4530 3375 4593 profundi
3419 4531 3479 4588 G,
3521 4530 3706 4577 fluenti
3740 4535 3830 4577 cet.
3870 4529 4030 4590 volyo,

777 4618 987 4665 fluentis
1032 4615 1119 4676 Uy.
1337 4613 1399 4664 61
1442 4614 1721 4663 cammada
1757 4616 1801 4662 Β
1840 4617 1893 4677 (ιι
1932 4618 2024 4665 alt.
2055 4631 2111 4664 cx
2136 4617 2189 4677 n)
2404 4623 2639 4664 maneant
2674 4617 2717 4663 G
2927 4616 3193 4678 lipidarum
3233 4617 3281 4663 Χ
3489 4620 3568 4663 est
3604 4614 3633 4665 λ
3843 4614 3909 4663 62
3947 4631 4036 4677 ce-

776 4703 944 4751 rulea*
985 4702 1030 4748 Β
1073 4702 1112 4764 (s
1149 4699 1295 4763 eras.)
1580 4702 1738 4761 ligura
1775 4697 1805 4750 λ
2108 4702 2172 4750 63
2211 4703 2459 4765 crispatur
2502 4704 2544 4750 G
2585 4704 2630 4764 (a
2665 4718 2723 4750 ea:
2761 4718 2791 4749 ιι
2830 4700 2917 4763 m2)
3202 4703 3390 4765 harene
3429 4703 3477 4749 Χ
3752 4708 3948 4750 meatus
3987 4702 4041 4749 Β

775 4789 841 4837 64
880 4791 974 4837 uiri
1016 4790 1065 4837 X
1337 4787 1402 4835 65
1440 4793 1598 4849 utque
1634 4787 1794 4848 Luyd.
1835 4790 1978 4849 volqo
2257 4790 2457 4848 ingenis
2494 4787 2522 4837 λ
2803 4788 2868 4837 66
2906 4766 3127 4851 latetque
3171 4788 3213 4836 G
3491 4789 3702 4851 lucoque
3738 4791 3963 4850 latosque
4000 4786 4030 4836 λ

778 4875 841 4924 67
880 4876 1096 4924 ιιιιιᾶειιι
1133 4911 1146 4925 .
1178 4911 1192 4926 .
1225 4913 1237 4926 .
1281 4877 1417 4936 glai-e
1454 4875 1503 4922 Χ
1740 4875 2028 4936 distingunt
2065 4872 2126 4925 λ*
2372 4871 2589 4924 miscnm
2628 4873 2670 4920 G
2918 4875 2983 4924 68
3022 4881 3125 4923 tota
3159 4879 3278 4924 mai.
3321 4878 3415 4924 litt.
3459 4878 3531 4924 in.
3578 4876 3684 4936 ΘΒ,
3726 4883 3843 4924 nota
3879 4875 4035 4922 Barth

774 4964 917 5023 volyo
1128 4962 1396 5010 caledonns
1434 4958 1497 5011 λ*
1705 4962 1819 5009 talis
1855 4963 1989 5023 picta
2025 4975 2106 5009 ora
2141 4961 2405 5023 Boeckiny,
2446 4963 2535 5009 tali
2572 4963 2742 5023 specie
2778 4976 2861 5010 ora
2896 4962 3051 5022 Speck
3264 4964 3547 5011 *britannis
3573 4960 3638 5023 0,
3679 4962 3932 5009 britantus
3970 4958 4035 5010 λ*

777 5048 842 5098 69
879 5051 1032 5096 rubea
1068 5048 1119 5094 Χ
1325 5048 1387 5096 70
1426 5062 1685 5097 οοηειῐιιιιι
1728 5046 1838 5097 Ga*
2048 5046 2110 5096 71
2150 5049 2455 5109 deliciasque
2495 5049 2600 5110 ΧΖ,
2644 5048 2943 5109 delitiasque
2982 5047 3010 5097 λ
3220 5049 3559 5112 locupletibus
3595 5044 3773 5114 atque]
3808 5049 4033 5109 locuple-

775 5136 1015 5196 tibusque
1041 5134 1150 5197 ΒΧ,
1191 5135 1526 5196 locupletibus
1553 5131 1601 5196 λ,
1643 5135 1977 5195 locupletibus
2014 5148 2173 5196 usque
2211 5134 2323 5195 U9.,
2362 5134 2635 5195 locupletes
2673 5148 2904 5195 quaeque
2931 5136 3094 5194 lunt„
3136 5136 3442 5195 locupletum
3481 5148 3706 5196 quaeque
3750 5135 3861 5180 Tou
3890 5136 4037 5192 volyo

778 5218 843 5268 72
879 5219 1175 5266 assimulant
1212 5217 1254 5264 G
1301 5221 1348 5280 (ιι
1388 5223 1441 5267 in
1476 5222 1491 5266 i
1530 5221 1701 5281 corn),
1742 5220 2030 5268 assimilant
2065 5219 2187 5269 ΒΖλ
2402 5221 2632 5267 inmitata
2670 5221 2717 5267 Χ
2924 5222 3158 5268 monialis
3195 5222 3257 5283 Χ,
3300 5223 3508 5270 morulis
3545 5219 3610 5270 λ*
3821 5219 3884 5267 73
3921 5221 4033 5281 pla-

775 5306 887 5353 cido
924 5302 986 5353 λ*
1220 5305 1282 5353 74
1320 5307 1587 5355 ammixtos
1627 5306 1716 5353 ΟΒ
1942 5310 2020 5354 est
2056 5307 2184 5354 color
2220 5304 2250 5355 λ
2482 5306 2545 5354 75
2584 5321 2690 5354 erro
2727 5308 2971 5355 refaciant
3008 5309 3055 5353 Χ
3289 5308 3352 5355 76
3389 5309 3522 5355 inter
3556 5308 3797 5355 ludentes
3839 5303 3962 5354 ΒΖλ

777 5392 1040 5452 exagmina
1063 5387 1143 5452 λ*,
1188 5394 1419 5440 examina
1441 5375 1563 5453 paea
1603 5393 1644 5439 Z
1852 5394 2100 5441 ludibrica
2136 5395 2287 5454 piscis
2325 5393 2367 5438 G
2578 5392 2640 5440 ’Π
2681 5395 2767 5441 sed
2806 5396 2924 5442 mai.
2967 5395 3062 5442 lm.
3091 5396 3160 5441 in.
3192 5395 3233 5440 G
3442 5399 3636 5441 meatus
3669 5393 3725 5454 Z,
3769 5374 3965 5441 nasstus
3989 5394 4042 5439 Χ

779 5476 843 5526 78
881 5478 1198 5526 succendunt
1234 5477 1262 5527 λ
1448 5460 1573 5528 79
1611 5481 1942 5540 nominaquae
1981 5476 2024 5522 G
2069 5481 2114 5541 (a
2146 5494 2224 5540 pr.
2269 5482 2322 5526 in
2355 5477 2476 5538 ras.)
2526 5477 2599 5527 Ζλ
2844 5485 2898 5526 et
2931 5493 3025 5527 om.
3068 5477 3189 5527 ΘΧλ
3453 5478 3518 5528 80
3555 5479 3759 5527 sederes
3796 5485 3885 5526 aut
3919 5477 3972 5525 Χ

775 5564 911 5613 band
950 5564 992 5610 Z
1029 5566 1189 5624 v0290,
1230 5566 1353 5613 haut
1389 5565 1635 5626 Boeckiny
1862 5567 1973 5613 iura
2010 5562 2052 5609 G
2089 5568 2229 5625 volqo
2456 5566 2629 5612 sedere
2666 5564 2694 5612 λ
2939 5563 2999 5614 81
3041 5566 3191 5613 sortis
3234 5566 3277 5612 G
3321 5567 3354 5628 (i
3390 5580 3447 5614 ez·
3484 5565 3529 5627 e)
3762 5561 3938 5626 cessiti
3974 5561 4039 5612 λ*

776 5650 842 5700 82
880 5651 1015 5698 horis
1051 5649 1112 5710 B,
1153 5650 1290 5709 horis
1332 5650 1374 5696 Z
1614 5654 1666 5699 in
1704 5647 1825 5716 oris]
1863 5652 2039 5699 sinoris
2076 5649 2126 5697 Χ
2377 5651 2442 5700 83
2481 5652 2803 5712 siquamigeri
2841 5647 2902 5698 λ*
3148 5652 3295 5700 alueo
3332 5653 3379 5701 Χ
3633 5651 3698 5700 84
3736 5651 3929 5717 celuleo
3968 5651 4033 5713 Χ,

775 5737 999 5785 ceruleos
1037 5734 1084 5800 λ,
1126 5738 1348 5786 ceruleas
1393 5737 1480 5798 ῦς.
1694 5739 2010 5787 fluitantibus
2047 5735 2173 5788 ΒΧλ
2383 5738 2599 5786 cateruis
2636 5738 2698 5800 B,
2742 5742 2992 5785 carteruas
3033 5739 3079 5787 Χ
