4630 6435
745 421 871 481 262
1163 415 1468 472 AVSONII
1506 416 1895 472 APPENDIX
1939 416 2022 478 (V.
2067 415 2428 471 MERVLAE
2466 415 2565 469 ΕΤ
2604 414 2931 471 VGOLETI
2966 413 3566 479 EPIGRAMMATA).

1747 743 2272 808 EPITAPHIVM
2319 743 2991 809 CALLICRATEAE.

1003 900 1314 964 XXXIII.
1418 899 1658 982 Viginti
1705 906 1894 982 atque
1940 919 2172 964 novem
2217 898 2527 982 genetrici
2572 898 2999 964 callicrateae
3584 917 3677 967 251
3727 919 3867 980 (epit.
3910 917 3993 977 34)

1589 1002 1828 1066 nullius
1876 1022 2068 1067 sexus
2113 1022 2284 1067 mors
2329 1001 2486 1066 mihi
2532 1001 2673 1066 visa
2718 1001 2858 1066 fuit.

1419 1104 1536 1170 sed
1582 1110 1832 1169 centum
1881 1112 1946 1171 et
1991 1105 2269 1188 quinque
2315 1105 2575 1190 explevi
2619 1106 2782 1169 bene
2826 1104 3146 1169 messibus
3192 1122 3429 1184 annos,

1588 1207 1653 1272 in
1699 1208 2038 1272 tremulam
2084 1208 2313 1273 baculo
2361 1229 2486 1274 non
2532 1209 2846 1273 subeunte
2892 1226 3175 1271 manum.

1863 1482 1956 1546 IN
2000 1483 2347 1547 PVERVM
2393 1481 2879 1547 FORMOSVM.

965 1639 1315 1704 XXXIIII.
1420 1639 1585 1702 Dum
1634 1637 1885 1703 dubitat
1930 1646 2159 1703 natura
2205 1658 2448 1703 marem
2494 1636 2819 1702 faceretne
2863 1637 3184 1721 puellam,
3906 1655 3999 1704 107

1589 1741 1799 1806 factus
1846 1760 1952 1824 es,
2005 1761 2042 1804 o
2086 1739 2388 1825 pulcher,
2441 1759 2647 1824 paene
2694 1740 2949 1824 puella,
3002 1759 3183 1825 puer.

1228 2086 1655 2162 CARMEN
1708 2086 1842 2159 AB
1896 2083 2515 2160 HIERONYMO
2569 2085 3030 2161 AVANCIO
3087 2084 3518 2159 EDITVM.

1925 2273 2040 2337 DE
2087 2273 2380 2338 MATRE
2425 2272 2824 2339 AVGVSTI.

1042 2431 1312 2496 XXXV.
1418 2431 1583 2495 Ante
1628 2449 1849 2494 omnes
1895 2428 2062 2493 alias
2108 2428 2308 2493 foelix
2353 2435 2570 2493 tamen
2615 2429 2735 2494 hoc
2780 2449 2900 2512 ego
2948 2428 3161 2511 dicor,
3974 2450 4003 2498 ‘1

1590 2533 1729 2599 sive
1774 2532 2095 2598 hominem
2142 2532 2372 2617 peperi
2415 2532 2729 2614 foemina,
2782 2531 2918 2598 sive
2963 2532 3189 2597 virum.

1267 2879 1696 2954 CARMEN
1751 2877 1819 2951 A
1874 2876 2425 2952 STEPHANO
2481 2875 3011 2953 CHARPINO
3065 2878 3489 2952 EDITVM.

2211 3064 2540 3129 DIDONI.

1015 3225 1321 3290 XXXVI.
1424 3223 1663 3289 Infelix
1706 3222 1910 3304 Dido,
1962 3222 2123 3288 nulli
2169 3222 2334 3287 bene
2380 3228 2580 3303 nupta
2624 3220 2883 3285 marito:
3595 3242 3695 3293 247
3735 3244 3877 3305 (epit.
3919 3243 3999 3301 3ο)

1594 3327 1714 3392 hoc
1758 3332 2067 3410 pereunte
2114 3323 2324 3406 fugis,
2377 3323 2498 3388 hoc
2542 3323 2831 3407 fugiente
2875 3324 3068 3408 peris.

922 3676 1167 3723 xxxul.
1246 3675 1397 3723 Anth.
1446 3673 1548 3722 Pal.
1591 3673 1689 3721 VII
1731 3671 1832 3721 224
1877 3672 2036 3731 (Plan.
2082 3673 2154 3719 lll
2201 3671 2277 3731 12,
2325 3670 2383 3719 13
2423 3666 2755 3731 ἀὸἐσποτον)ε

1577 3755 1758 3809 Εἴκοσι
1795 3752 2173 3824 Καλλικράτεια
2207 3756 2293 3807 καὶ
2332 3755 2474 3807 ἐννέα
2509 3754 2663 3807 τέκνα
2696 3760 2917 3807 τεκοῦσα

1718 3836 1836 3894 οὐδ’
1874 3842 1986 3900 ἑνὸς
2024 3841 2143 3895 οὐδὲ
2179 3848 2299 3910 μιῆς
2341 3839 2634 3911 ἐδρακόμην
2673 3839 2920 3902 θάνατον,

1579 3921 1704 3980 ἀλλ’
1741 3927 1921 3980 ἑκατὸν
1957 3928 2043 3979 καὶ
2078 3928 2225 3979 πέντε
2264 3927 2586 3996 ὃιηνυσάμην
2626 3925 2916 3991 ἐνιαυτούς,

1717 4012 1931 4065 cxli-tow:
1966 4012 2214 4083 τρομερὰν
2253 4014 2347 4066 οὐκ
2386 4010 2619 4065 ἐπιθεῖσα
2655 4012 2801 4085 χέρα.

925 4105 1197 4153 ΧΧΧῙῙΙῙ.
1277 4104 1297 4152 1
1343 4104 1460 4152 Hor.
1501 4105 1604 4151 Sat.
1651 4105 1674 4150 1
1714 4101 1762 4164 8,
1809 4102 1839 4150 2
1877 4103 2099 4149 incertus
2137 4117 2395 4151 scamnum
2433 4105 2687 4151 faceretne
2721 4104 2955 4166 Priapum

928 4430 1174 4478 XXXIII.
1253 4430 1281 4477 3
1322 4430 1543 4477 inesibus
1593 4431 1704 4491 Uy„
1747 4431 1998 4478 messibus
2044 4427 2187 4477 Vm.⁴
2398 4430 2427 4478 4
2466 4430 2680 4477 tremula
2724 4429 2838 4488 Uy„
2880 4431 3145 4477 tremulam
3193 4427 3335 4478 Ven.⁴

927 4517 1199 4565 xxxnn.
1281 4515 1361 4575 Cf.
1393 4516 1539 4563 Anu».
1570 4517 1657 4564 tat.
1691 4518 1788 4564 963
1817 4517 1876 4566 R.
2092 4516 2122 4564 2
2162 4522 2310 4564 natus
2347 4515 2489 4565 codd.
2524 4516 2674 4564 Riese·
2700 4516 2890 4563 ABCV
3096 4518 3160 4563 In
3197 4517 3302 4568 cod.
3348 4516 3693 4576 Maleabecch.
3728 4517 3776 4562 D
3821 4517 3950 4564 VIII
3977 4519 4009 4563 3

752 4618 879 4652 saec.
909 4604 1034 4650 XVI
1066 4605 1144 4651 vif
1179 4603 1348 4650 doctus
1385 4602 1502 4650 hacc
1537 4601 1828 4664 adscripsit.-
1871 4604 2082 4649 ‘allusio
2118 4606 2188 4649 est
2224 4602 2288 4649 ad
2332 4604 2514 4651 Graiae
2550 4602 2753 4664 dmum,
2795 4601 2853 4649 de
2891 4617 2982 4663 quo
3020 4603 3121 4650 Dio
3155 4604 3397 4663 Chrysost.
3438 4617 3583 4651 serm.
3619 4601 3762 4649 XXI‘
3804 4603 3855 4662 (I
3887 4603 4007 4663 298,

762 4692 822 4737 ιι)
859 4691 926 4750 1))
960 4738 966 4745 ,

926 4776 1142 4823 XXXV.
1222 4776 1425 4835 ἠερίων
1462 4776 1546 4821 hoc
1584 4777 1816 4823 carminis
1851 4775 2108 4824 cuiusdam
2146 4774 2482 4835 fraymentum
2520 4777 2572 4821 in
2606 4774 2682 4822 ed.
2721 4774 2896 4821 Veneta
2923 4790 2970 4822 a.
3004 4772 3107 4821 MD
3125 4774 3221 4819 VII
3257 4777 3311 4821 in
3346 4776 3503 4822 lucem
3527 4777 3705 4823 emissa
3727 4772 3769 4833 s.
3800 4770 4012 4821 LXXX'

752 4866 862 4922 post
897 4861 1146 4922 Sulpiciae
1180 4867 1402 4908 saturam

931 4948 1171 4998 XXXVI.
1246 4948 1449 5008 [χρίων
1485 4950 1537 4994 ξπ
1572 4947 1644 4995 ed.
1691 4947 2016 5007 Luydunensi
2052 4963 2100 4995 a.
2147 4945 2433 4994 MDLVIII
2469 4949 2522 4995 in
2557 4948 2718 4994 lucem
2753 4948 2931 4994 emissa
2967 4950 3093 4994 inter
3128 4947 3377 5007 epitaphia
3408 4952 3522 5007 pont
3555 4949 3670 5007 epit.
3714 4946 3932 4993 XXVII.
