<?xml version="1.0" encoding="UTF-8"?>
<!DOCTYPE html PUBLIC "-//W3C//DTD XHTML 1.0 Transitional//EN"
    "http://www.w3.org/TR/xhtml1/DTD/xhtml1-transitional.dtd">
<html xmlns="http://www.w3.org/1999/xhtml" xml:lang="en" lang="en">
 <head>
  <title>
</title>
<meta http-equiv="Content-Type" content="text/html;charset=utf-8" />
  <meta name='ocr-system' content='tesseract 3.04.00' />
  <meta name='ocr-capabilities' content='ocr_page ocr_carea ocr_par ocr_line ocrx_word'/>
</head>
<body>
  <div class='ocr_page' id='page_1' title='image "./dmagniavsoniiop02ausogoog_0287.png"; bbox 0 0 4630 6435; ppageno 0'>
   <div class='ocr_carea' id='block_1_1' title="bbox 1702 299 3883 379">
    <p class='ocr_par' dir='ltr' id='par_1_1' title="bbox 1702 299 3883 379">
     <span class='ocr_line' id='line_1_1' title="bbox 1702 299 3883 379; baseline 0.005 -11"><span class='ocrx_word' id='word_1_1' title='bbox 1702 310 2254 370; x_wconf 77' lang='lat' dir='ltr'><strong>EP1GRAMMATA</strong></span> <span class='ocrx_word' id='word_1_2' title='bbox 2301 311 2802 379; x_wconf 75' lang='lat' dir='ltr'><strong>(val-Lxxl).</strong></span> <span class='ocrx_word' id='word_1_3' title='bbox 3759 299 3883 379; x_wconf 66' lang='lat'><strong>&#39;215</strong></span> 
     </span>
    </p>
   </div>
   <div class='ocr_carea' id='block_1_2' title="bbox 1576 573 2931 642">
    <p class='ocr_par' dir='ltr' id='par_1_2' title="bbox 1576 573 2931 642">
     <span class='ocr_line' id='line_1_2' title="bbox 1576 573 2931 642; baseline -0.001 -2"><span class='ocrx_word' id='word_1_4' title='bbox 1576 573 1903 640; x_wconf 89' lang='lat' dir='ltr'>LXVIIII.</span> <span class='ocrx_word' id='word_1_5' title='bbox 1962 574 2079 639; x_wconf 86' lang='lat' dir='ltr'><strong>DE</strong></span> <span class='ocrx_word' id='word_1_6' title='bbox 2125 574 2537 640; x_wconf 87' lang='lat' dir='ltr'>ALCONEM</span> <span class='ocrx_word' id='word_1_7' title='bbox 2580 575 2931 642; x_wconf 84' lang='lat' dir='ltr'><strong>MEDICO.</strong></span> 
     </span>
    </p>
   </div>
   <div class='ocr_carea' id='block_1_3' title="bbox 1163 711 3885 1313">
    <p class='ocr_par' dir='ltr' id='par_1_3' title="bbox 1163 711 3885 1313">
     <span class='ocr_line' id='line_1_3' title="bbox 1300 711 3885 798; baseline 0.002 -24"><span class='ocrx_word' id='word_1_8' title='bbox 1300 711 1659 795; x_wconf 83' lang='lat' dir='ltr'><strong>Languenti</strong></span> <span class='ocrx_word' id='word_1_9' title='bbox 1703 711 1918 776; x_wconf 84' lang='lat' dir='ltr'><strong>Marco</strong></span> <span class='ocrx_word' id='word_1_10' title='bbox 1965 711 2129 778; x_wconf 84' lang='lat' dir='ltr'><strong>dixit</strong></span> <span class='ocrx_word' id='word_1_11' title='bbox 2173 712 2495 778; x_wconf 91' lang='lat' dir='ltr'><strong>Diodorus</strong></span> <span class='ocrx_word' id='word_1_12' title='bbox 2540 714 2868 798; x_wconf 81' lang='lat' dir='ltr'><strong>haruspex</strong></span> <span class='ocrx_word' id='word_1_13' title='bbox 3822 730 3885 779; x_wconf 80' lang='lat'><strong>73</strong></span> 
     </span>
     <span class='ocr_line' id='line_1_4' title="bbox 1470 813 3880 901; baseline -0.001 -21"><span class='ocrx_word' id='word_1_14' title='bbox 1470 813 1556 880; x_wconf 84' lang='lat' dir='ltr'><strong>ad</strong></span> <span class='ocrx_word' id='word_1_15' title='bbox 1599 814 1798 880; x_wconf 84' lang='lat' dir='ltr'><strong>vitam</strong></span> <span class='ocrx_word' id='word_1_16' title='bbox 1844 835 1969 880; x_wconf 92' lang='lat' dir='ltr'><strong>non</strong></span> <span class='ocrx_word' id='word_1_17' title='bbox 2015 815 2164 900; x_wconf 90' lang='lat' dir='ltr'><strong>plus</strong></span> <span class='ocrx_word' id='word_1_18' title='bbox 2211 835 2328 881; x_wconf 90' lang='lat' dir='ltr'><strong>sex</strong></span> <span class='ocrx_word' id='word_1_19' title='bbox 2374 836 2714 901; x_wconf 81' lang='lat' dir='ltr'>superesse</span> <span class='ocrx_word' id='word_1_20' title='bbox 2762 817 2922 882; x_wconf 89' lang='lat' dir='ltr'><strong>dies.</strong></span> <span class='ocrx_word' id='word_1_21' title='bbox 3798 818 3880 878; x_wconf 85' lang='grc' dir='ltr'><strong>(ω)</strong></span> 
     </span>
     <span class='ocr_line' id='line_1_5' title="bbox 1298 917 2898 1004; baseline 0.001 -21"><span class='ocrx_word' id='word_1_22' title='bbox 1298 917 1413 983; x_wconf 88' lang='lat' dir='ltr'><strong>sed</strong></span> <span class='ocrx_word' id='word_1_23' title='bbox 1458 918 1745 983; x_wconf 88' lang='lat' dir='ltr'><strong>medicus</strong></span> <span class='ocrx_word' id='word_1_24' title='bbox 1792 917 1960 983; x_wconf 88' lang='lat' dir='ltr'><strong>divis</strong></span> <span class='ocrx_word' id='word_1_25' title='bbox 2007 917 2288 1001; x_wconf 87' lang='lat' dir='ltr'><strong>fatisque</strong></span> <span class='ocrx_word' id='word_1_26' title='bbox 2334 919 2652 1004; x_wconf 91' lang='lat' dir='ltr'><strong>potentior</strong></span> <span class='ocrx_word' id='word_1_27' title='bbox 2695 920 2898 984; x_wconf 93' lang='lat' dir='ltr'><strong>Alcon</strong></span> 
     </span>
     <span class='ocr_line' id='line_1_6' title="bbox 1468 1021 2724 1107; baseline 0.002 -22"><span class='ocrx_word' id='word_1_28' title='bbox 1468 1021 1704 1087; x_wconf 87' lang='lat' dir='ltr'><strong>falsum</strong></span> <span class='ocrx_word' id='word_1_29' title='bbox 1751 1021 2024 1088; x_wconf 81' lang='lat' dir='ltr'><strong>convicit</strong></span> <span class='ocrx_word' id='word_1_30' title='bbox 2066 1021 2215 1087; x_wconf 92' lang='lat' dir='ltr'><strong>ilico</strong></span> <span class='ocrx_word' id='word_1_31' title='bbox 2261 1022 2724 1107; x_wconf 83' lang='lat' dir='ltr'><strong>haruspicium.</strong></span> 
     </span>
     <span class='ocr_line' id='line_1_7' title="bbox 1163 1125 2847 1209; baseline 0.003 -24"><span class='ocrx_word' id='word_1_32' title='bbox 1163 1146 1188 1184; x_wconf 81' lang='lat'>⁵</span> <span class='ocrx_word' id='word_1_33' title='bbox 1296 1125 1721 1208; x_wconf 82' lang='lat' dir='ltr'><strong>tractavitque</strong></span> <span class='ocrx_word' id='word_1_34' title='bbox 1765 1146 2025 1209; x_wconf 85' lang='lat' dir='ltr'><strong>manum</strong></span> <span class='ocrx_word' id='word_1_35' title='bbox 2072 1126 2335 1208; x_wconf 74' lang='lat' dir='ltr'><strong>victuri,</strong></span> <span class='ocrx_word' id='word_1_36' title='bbox 2387 1126 2452 1191; x_wconf 92' lang='lat' dir='ltr'><strong>ni</strong></span> <span class='ocrx_word' id='word_1_37' title='bbox 2498 1126 2847 1209; x_wconf 84' lang='lat' dir='ltr'><strong>tetigisset:</strong></span> 
     </span>
     <span class='ocr_line' id='line_1_8' title="bbox 1470 1221 2738 1313; baseline 0.001 -21"><span class='ocrx_word' id='word_1_38' title='bbox 1470 1228 1617 1293; x_wconf 91' lang='lat' dir='ltr'><strong>ilico</strong></span> <span class='ocrx_word' id='word_1_39' title='bbox 1663 1248 1812 1293; x_wconf 86' lang='lat' dir='ltr'><strong>uam</strong></span> <span class='ocrx_word' id='word_1_40' title='bbox 1861 1229 2074 1293; x_wconf 82' lang='lat' dir='ltr'><strong>Marco</strong></span> <span class='ocrx_word' id='word_1_41' title='bbox 2121 1221 2235 1294; x_wconf 86' lang='lat' dir='ltr'><strong>sex</strong></span> <span class='ocrx_word' id='word_1_42' title='bbox 2281 1229 2528 1313; x_wconf 89' lang='lat' dir='ltr'><strong>periere</strong></span> <span class='ocrx_word' id='word_1_43' title='bbox 2575 1229 2738 1294; x_wconf 81' lang='lat' dir='ltr'><strong>dies.</strong></span> 
     </span>
    </p>
   </div>
   <div class='ocr_carea' id='block_1_4' title="bbox 1968 1452 2536 1539">
    <p class='ocr_par' dir='ltr' id='par_1_4' title="bbox 1968 1452 2536 1539">
     <span class='ocr_line' id='line_1_9' title="bbox 1968 1452 2536 1539; baseline 0.002 -22"><span class='ocrx_word' id='word_1_44' title='bbox 1968 1452 2172 1517; x_wconf 85' lang='lat' dir='ltr'>LXX.</span> <span class='ocrx_word' id='word_1_45' title='bbox 2235 1453 2536 1539; x_wconf 82' lang='lat' dir='ltr'>&lt;ITEM&gt;.</span> 
     </span>
    </p>
   </div>
   <div class='ocr_carea' id='block_1_5' title="bbox 1294 1589 3888 1988">
    <p class='ocr_par' dir='ltr' id='par_1_5' title="bbox 1294 1589 3888 1988">
     <span class='ocr_line' id='line_1_10' title="bbox 1295 1589 3888 1675; baseline 0.002 -21"><span class='ocrx_word' id='word_1_46' title='bbox 1295 1590 1498 1655; x_wconf 89' lang='lat' dir='ltr'><strong>Alcon</strong></span> <span class='ocrx_word' id='word_1_47' title='bbox 1544 1589 1843 1656; x_wconf 88' lang='lat' dir='ltr'><strong>hesterno</strong></span> <span class='ocrx_word' id='word_1_48' title='bbox 1891 1590 2146 1672; x_wconf 83' lang='lat' dir='ltr'><strong>signum</strong></span> <span class='ocrx_word' id='word_1_49' title='bbox 2194 1591 2365 1656; x_wconf 86' lang='lat' dir='ltr'><strong>Iovis</strong></span> <span class='ocrx_word' id='word_1_50' title='bbox 2411 1591 2646 1675; x_wconf 85' lang='lat' dir='ltr'><strong>attigit.</strong></span> <span class='ocrx_word' id='word_1_51' title='bbox 2741 1592 2854 1657; x_wconf 90' lang='lat' dir='ltr'><strong>ille</strong></span> <span class='ocrx_word' id='word_1_52' title='bbox 3824 1611 3888 1659; x_wconf 76' lang='lat'><strong>74</strong></span> 
     </span>
     <span class='ocr_line' id='line_1_11' title="bbox 1466 1694 3879 1779; baseline -0 -21"><span class='ocrx_word' id='word_1_53' title='bbox 1466 1694 1760 1777; x_wconf 84' lang='lat' dir='ltr'><strong>quamvis</strong></span> <span class='ocrx_word' id='word_1_54' title='bbox 1806 1714 2201 1759; x_wconf 91' lang='lat' dir='ltr'><strong>marmoreus</strong></span> <span class='ocrx_word' id='word_1_55' title='bbox 2246 1694 2378 1758; x_wconf 89' lang='lat' dir='ltr'><strong>vim</strong></span> <span class='ocrx_word' id='word_1_56' title='bbox 2424 1695 2663 1779; x_wconf 83' lang='lat' dir='ltr'><strong>patitur</strong></span> <span class='ocrx_word' id='word_1_57' title='bbox 2709 1695 2967 1761; x_wconf 90' lang='lat' dir='ltr'><strong>medici.</strong></span> <span class='ocrx_word' id='word_1_58' title='bbox 3798 1697 3879 1758; x_wconf 86' lang='grc' dir='ltr'><strong>(ω)</strong></span> 
     </span>
     <span class='ocr_line' id='line_1_12' title="bbox 1294 1796 2913 1864; baseline 0.001 -1"><span class='ocrx_word' id='word_1_59' title='bbox 1294 1817 1445 1863; x_wconf 91' lang='lat' dir='ltr'><strong>ecce</strong></span> <span class='ocrx_word' id='word_1_60' title='bbox 1491 1797 1684 1863; x_wconf 90' lang='lat' dir='ltr'><strong>hodie</strong></span> <span class='ocrx_word' id='word_1_61' title='bbox 1730 1798 1945 1863; x_wconf 91' lang='lat' dir='ltr'><strong>iussus</strong></span> <span class='ocrx_word' id='word_1_62' title='bbox 1990 1796 2327 1862; x_wconf 85' lang='lat' dir='ltr'><strong>transferri</strong></span> <span class='ocrx_word' id='word_1_63' title='bbox 2374 1818 2409 1862; x_wconf 92' lang='lat' dir='ltr'><strong>e</strong></span> <span class='ocrx_word' id='word_1_64' title='bbox 2458 1798 2612 1863; x_wconf 89' lang='lat' dir='ltr'><strong>sede</strong></span> <span class='ocrx_word' id='word_1_65' title='bbox 2658 1805 2913 1864; x_wconf 87' lang='lat' dir='ltr'><strong>vetusta</strong></span> 
     </span>
     <span class='ocr_line' id='line_1_13' title="bbox 1470 1901 2929 1988; baseline 0 -22"><span class='ocrx_word' id='word_1_66' title='bbox 1470 1902 1762 1982; x_wconf 86' lang='lat' dir='ltr'><strong>effertur,</strong></span> <span class='ocrx_word' id='word_1_67' title='bbox 1817 1901 2113 1983; x_wconf 86' lang='lat' dir='ltr'><strong>quamvis</strong></span> <span class='ocrx_word' id='word_1_68' title='bbox 2160 1902 2246 1966; x_wconf 88' lang='lat' dir='ltr'><strong>sit</strong></span> <span class='ocrx_word' id='word_1_69' title='bbox 2290 1901 2450 1967; x_wconf 89' lang='lat' dir='ltr'><strong>deus</strong></span> <span class='ocrx_word' id='word_1_70' title='bbox 2496 1909 2689 1985; x_wconf 92' lang='lat' dir='ltr'><strong>atque</strong></span> <span class='ocrx_word' id='word_1_71' title='bbox 2736 1902 2929 1988; x_wconf 79' lang='lat' dir='ltr'><strong>lapis,</strong></span> 
     </span>
    </p>
   </div>
   <div class='ocr_carea' id='block_1_6' title="bbox 1591 2123 2907 2190">
    <p class='ocr_par' dir='ltr' id='par_1_6' title="bbox 1591 2123 2907 2190">
     <span class='ocr_line' id='line_1_14' title="bbox 1591 2123 2907 2190; baseline 0 -1"><span class='ocrx_word' id='word_1_72' title='bbox 1591 2124 1828 2189; x_wconf 89' lang='lat' dir='ltr'>LXXI.</span> <span class='ocrx_word' id='word_1_73' title='bbox 1882 2124 1974 2188; x_wconf 90' lang='lat' dir='ltr'><strong>IN</strong></span> <span class='ocrx_word' id='word_1_74' title='bbox 2021 2123 2445 2189; x_wconf 84' lang='lat' dir='ltr'><strong><em>EVNOMVM</em></strong></span> <span class='ocrx_word' id='word_1_75' title='bbox 2489 2125 2907 2190; x_wconf 84' lang='lat' dir='ltr'><strong>MEDICVM.</strong></span> 
     </span>
    </p>
   </div>
   <div class='ocr_carea' id='block_1_7' title="bbox 1132 2261 3881 3281">
    <p class='ocr_par' dir='ltr' id='par_1_7' title="bbox 1132 2261 3881 3281">
     <span class='ocr_line' id='line_1_15' title="bbox 1295 2261 3881 2344; baseline 0.002 -19"><span class='ocrx_word' id='word_1_76' title='bbox 1295 2262 1737 2344; x_wconf 85' lang='lat' dir='ltr'><strong>Languentem</strong></span> <span class='ocrx_word' id='word_1_77' title='bbox 1786 2261 2019 2327; x_wconf 79' lang='lat' dir='ltr'><strong>Gaium</strong></span> <span class='ocrx_word' id='word_1_78' title='bbox 2065 2262 2438 2328; x_wconf 88' lang='lat' dir='ltr'><strong>moriturum</strong></span> <span class='ocrx_word' id='word_1_79' title='bbox 2486 2262 2740 2329; x_wconf 82' lang='lat' dir='ltr'><strong>dixerat</strong></span> <span class='ocrx_word' id='word_1_80' title='bbox 2784 2263 2933 2327; x_wconf 91' lang='lat' dir='ltr'><strong>olim</strong></span> <span class='ocrx_word' id='word_1_81' title='bbox 3819 2282 3881 2331; x_wconf 84' lang='lat'><strong>75</strong></span> 
     </span>
     <span class='ocr_line' id='line_1_16' title="bbox 1465 2366 3876 2450; baseline -0.001 -20"><span class='ocrx_word' id='word_1_82' title='bbox 1465 2367 1827 2432; x_wconf 87' lang='lat' dir='ltr'><strong>Eunomus:</strong></span> <span class='ocrx_word' id='word_1_83' title='bbox 1881 2366 2089 2432; x_wconf 85' lang='lat' dir='ltr'><strong>evasit</strong></span> <span class='ocrx_word' id='word_1_84' title='bbox 2134 2366 2249 2432; x_wconf 86' lang='lat' dir='ltr'><strong>fati</strong></span> <span class='ocrx_word' id='word_1_85' title='bbox 2294 2386 2454 2450; x_wconf 86' lang='lat' dir='ltr'><strong>ope,</strong></span> <span class='ocrx_word' id='word_1_86' title='bbox 2507 2387 2634 2431; x_wconf 94' lang='lat' dir='ltr'><strong>non</strong></span> <span class='ocrx_word' id='word_1_87' title='bbox 2681 2367 2933 2433; x_wconf 89' lang='lat' dir='ltr'><strong>medici.</strong></span> <span class='ocrx_word' id='word_1_88' title='bbox 3749 2366 3876 2433; x_wconf 81' lang='lat' dir='ltr'><strong>(Vw)</strong></span> 
     </span>
     <span class='ocr_line' id='line_1_17' title="bbox 1293 2468 2899 2555; baseline 0 -20"><span class='ocrx_word' id='word_1_89' title='bbox 1293 2470 1489 2553; x_wconf 86' lang='lat' dir='ltr'><strong>paulo</strong></span> <span class='ocrx_word' id='word_1_90' title='bbox 1534 2477 1680 2554; x_wconf 90' lang='lat' dir='ltr'><strong>post</strong></span> <span class='ocrx_word' id='word_1_91' title='bbox 1720 2468 1933 2554; x_wconf 88' lang='lat' dir='ltr'><strong>ipsum</strong></span> <span class='ocrx_word' id='word_1_92' title='bbox 1979 2469 2158 2537; x_wconf 84' lang='lat' dir='ltr'><strong>videt</strong></span> <span class='ocrx_word' id='word_1_93' title='bbox 2202 2476 2313 2534; x_wconf 91' lang='lat' dir='ltr'><strong>aut</strong></span> <span class='ocrx_word' id='word_1_94' title='bbox 2360 2470 2601 2535; x_wconf 85' lang='lat' dir='ltr'><strong>vidisse</strong></span> <span class='ocrx_word' id='word_1_95' title='bbox 2647 2469 2899 2555; x_wconf 82' lang='lat' dir='ltr'><strong>putavit</strong></span> 
     </span>
     <span class='ocr_line' id='line_1_18' title="bbox 1466 2572 2843 2656; baseline 0.001 -21"><span class='ocrx_word' id='word_1_96' title='bbox 1466 2572 1817 2655; x_wconf 86' lang='lat' dir='ltr'><strong>pallentem</strong></span> <span class='ocrx_word' id='word_1_97' title='bbox 1865 2580 1929 2638; x_wconf 96' lang='lat' dir='ltr'><strong>et</strong></span> <span class='ocrx_word' id='word_1_98' title='bbox 1971 2574 2177 2638; x_wconf 91' lang='lat' dir='ltr'><strong>multa</strong></span> <span class='ocrx_word' id='word_1_99' title='bbox 2220 2573 2444 2638; x_wconf 91' lang='lat' dir='ltr'><strong>mortis</strong></span> <span class='ocrx_word' id='word_1_100' title='bbox 2489 2574 2557 2638; x_wconf 91' lang='lat' dir='ltr'><strong>in</strong></span> <span class='ocrx_word' id='word_1_101' title='bbox 2603 2573 2843 2656; x_wconf 84' lang='lat' dir='ltr'><strong>effigie.</strong></span> 
     </span>
     <span class='ocr_line' id='line_1_19' title="bbox 1303 2675 3467 2759; baseline 0 -19"><span class='ocrx_word' id='word_1_102' title='bbox 1303 2675 1479 2756; x_wconf 88' lang='lat' dir='ltr'><strong>‘quis</strong></span> <span class='ocrx_word' id='word_1_103' title='bbox 1524 2678 1664 2740; x_wconf 73' lang='lat' dir='ltr'><strong>tu&#39;?</strong></span> <span class='ocrx_word' id='word_1_104' title='bbox 1718 2675 1998 2756; x_wconf 82' lang='lat' dir='ltr'><strong>‘Gaius&#39;‚</strong></span> <span class='ocrx_word' id='word_1_105' title='bbox 2053 2676 2166 2741; x_wconf 86' lang='lat' dir='ltr'><strong>ait.</strong></span> <span class='ocrx_word' id='word_1_106' title='bbox 2272 2676 2627 2741; x_wconf 69' lang='lat' dir='ltr'><strong>‘vivisne’?</strong></span> <span class='ocrx_word' id='word_1_107' title='bbox 2672 2676 2777 2742; x_wconf 90' lang='lat' dir='ltr'><strong>hic</strong></span> <span class='ocrx_word' id='word_1_108' title='bbox 2822 2676 3065 2742; x_wconf 90' lang='lat' dir='ltr'><strong>abnuit.</strong></span> <span class='ocrx_word' id='word_1_109' title='bbox 3172 2681 3268 2741; x_wconf 83' lang='lat' dir='ltr'><strong>‘et</strong></span> <span class='ocrx_word' id='word_1_110' title='bbox 3312 2676 3467 2759; x_wconf 91' lang='lat' dir='ltr'><strong>quid</strong></span> 
     </span>
     <span class='ocr_line' id='line_1_20' title="bbox 1467 2778 3095 2863; baseline 0.001 -20"><span class='ocrx_word' id='word_1_111' title='bbox 1467 2799 1635 2844; x_wconf 90' lang='lat' dir='ltr'><strong>nunc</strong></span> <span class='ocrx_word' id='word_1_112' title='bbox 1678 2778 1822 2861; x_wconf 88' lang='lat' dir='ltr'><strong>agis</strong></span> <span class='ocrx_word' id='word_1_113' title='bbox 1867 2779 2050 2844; x_wconf 68' lang='lat' dir='ltr'><strong>hic&#39;?</strong></span> <span class='ocrx_word' id='word_1_114' title='bbox 2102 2778 2337 2844; x_wconf 88' lang='lat' dir='ltr'><strong>‘missu</strong></span> <span class='ocrx_word' id='word_1_115' title='bbox 2384 2779 2602 2863; x_wconf 86' lang='lat' dir='ltr'><strong>Ditis&#39;,</strong></span> <span class='ocrx_word' id='word_1_116' title='bbox 2655 2780 2778 2862; x_wconf 85' lang='lat' dir='ltr'><strong>ait,</strong></span> <span class='ocrx_word' id='word_1_117' title='bbox 2842 2779 3095 2860; x_wconf 84' lang='lat' dir='ltr'><strong>‘venio‚</strong></span> 
     </span>
     <span class='ocr_line' id='line_1_21' title="bbox 1300 2882 3155 2967; baseline 0 -20"><span class='ocrx_word' id='word_1_118' title='bbox 1300 2890 1402 2966; x_wconf 87' lang='lat' dir='ltr'><strong>ut,</strong></span> <span class='ocrx_word' id='word_1_119' title='bbox 1457 2883 1564 2967; x_wconf 91' lang='lat' dir='ltr'><strong>qui</strong></span> <span class='ocrx_word' id='word_1_120' title='bbox 1609 2883 1903 2948; x_wconf 92' lang='lat' dir='ltr'><strong>notitiam</strong></span> <span class='ocrx_word' id='word_1_121' title='bbox 1949 2903 2289 2967; x_wconf 87' lang='lat' dir='ltr'><strong>rerumque</strong></span> <span class='ocrx_word' id='word_1_122' title='bbox 2337 2882 2794 2966; x_wconf 88' lang='lat' dir='ltr'><strong>hominumque</strong></span> <span class='ocrx_word' id='word_1_123' title='bbox 2838 2889 3155 2964; x_wconf 89' lang='lat' dir='ltr'><strong>tenerem,</strong></span> 
     </span>
     <span class='ocr_line' id='line_1_22' title="bbox 1469 2986 2898 3070; baseline 0 -18"><span class='ocrx_word' id='word_1_124' title='bbox 1469 2987 1743 3052; x_wconf 84' lang='lat' dir='ltr'><strong>accirem</strong></span> <span class='ocrx_word' id='word_1_125' title='bbox 1790 2987 2126 3053; x_wconf 90' lang='lat' dir='ltr'><strong>medicos’.</strong></span> <span class='ocrx_word' id='word_1_126' title='bbox 2223 2988 2551 3052; x_wconf 87' lang='lat' dir='ltr'><strong>Eunomus</strong></span> <span class='ocrx_word' id='word_1_127' title='bbox 2596 2986 2898 3070; x_wconf 83' lang='lat' dir='ltr'><strong>obriguit.</strong></span> 
     </span>
     <span class='ocr_line' id='line_1_23' title="bbox 1295 3089 3410 3174; baseline -0 -19"><span class='ocrx_word' id='word_1_128' title='bbox 1295 3097 1430 3156; x_wconf 85' lang='lat' dir='ltr'><strong>tum</strong></span> <span class='ocrx_word' id='word_1_129' title='bbox 1478 3089 1715 3156; x_wconf 88' lang='lat' dir='ltr'><strong>Gaius:</strong></span> <span class='ocrx_word' id='word_1_130' title='bbox 1776 3093 2063 3156; x_wconf 82' lang='lat' dir='ltr'><strong>‘metuas</strong></span> <span class='ocrx_word' id='word_1_131' title='bbox 2107 3091 2302 3172; x_wconf 87' lang='lat' dir='ltr'><strong>nihil,</strong></span> <span class='ocrx_word' id='word_1_132' title='bbox 2355 3091 2673 3156; x_wconf 87' lang='lat' dir='ltr'><strong>Eunome:</strong></span> <span class='ocrx_word' id='word_1_133' title='bbox 2730 3090 2863 3155; x_wconf 84' lang='lat' dir='ltr'><strong>dixi</strong></span> <span class='ocrx_word' id='word_1_134' title='bbox 2912 3110 3032 3174; x_wconf 86' lang='lat' dir='ltr'><strong>ego</strong></span> <span class='ocrx_word' id='word_1_135' title='bbox 3079 3096 3144 3154; x_wconf 93' lang='lat' dir='ltr'><strong>et</strong></span> <span class='ocrx_word' id='word_1_136' title='bbox 3188 3109 3410 3156; x_wconf 89' lang='lat' dir='ltr'><strong>omnes</strong></span> 
     </span>
     <span class='ocr_line' id='line_1_24' title="bbox 1132 3193 2966 3281; baseline 0.002 -24"><span class='ocrx_word' id='word_1_137' title='bbox 1132 3216 1190 3258; x_wconf 80' lang='grc' dir='ltr'><strong>ιο</strong></span> <span class='ocrx_word' id='word_1_138' title='bbox 1470 3195 1717 3260; x_wconf 88' lang='lat' dir='ltr'><strong>nullum</strong></span> <span class='ocrx_word' id='word_1_139' title='bbox 1763 3193 1873 3277; x_wconf 90' lang='lat' dir='ltr'><strong>qui</strong></span> <span class='ocrx_word' id='word_1_140' title='bbox 1919 3202 2179 3281; x_wconf 90' lang='lat' dir='ltr'><strong>saperet</strong></span> <span class='ocrx_word' id='word_1_141' title='bbox 2223 3194 2437 3261; x_wconf 90' lang='lat' dir='ltr'><strong>dicere</strong></span> <span class='ocrx_word' id='word_1_142' title='bbox 2482 3201 2545 3261; x_wconf 90' lang='lat' dir='ltr'><strong>te</strong></span> <span class='ocrx_word' id='word_1_143' title='bbox 2590 3194 2966 3261; x_wconf 87' lang='lat' dir='ltr'><strong>medicum&#39;.</strong></span> 
     </span>
    </p>
   </div>
   <div class='ocr_carea' id='block_1_8' title="bbox 629 3415 2967 4269">
    <p class='ocr_par' dir='ltr' id='par_1_8' title="bbox 629 3415 2967 4269">
     <span class='ocr_line' id='line_1_25' title="bbox 803 3415 2080 3491; baseline 0.002 -23"><span class='ocrx_word' id='word_1_144' title='bbox 803 3423 1064 3472; x_wconf 72' lang='lat' dir='ltr'><strong>vaml.</strong></span> <span class='ocrx_word' id='word_1_145' title='bbox 1143 3422 1299 3471; x_wconf 82' lang='lat' dir='ltr'><strong>Anth.</strong></span> <span class='ocrx_word' id='word_1_146' title='bbox 1343 3422 1446 3471; x_wconf 85' lang='lat' dir='ltr'><strong>Pal.</strong></span> <span class='ocrx_word' id='word_1_147' title='bbox 1489 3420 1562 3468; x_wconf 82' lang='lat' dir='ltr'><strong>XI</strong></span> <span class='ocrx_word' id='word_1_148' title='bbox 1607 3418 1700 3468; x_wconf 84' lang='lat'><strong>114</strong></span> <span class='ocrx_word' id='word_1_149' title='bbox 1743 3415 2080 3491; x_wconf 74' lang='grc' dir='ltr'>(Νικάρχου);</span> 
     </span>
     <span class='ocr_line' id='line_1_26' title="bbox 1446 3491 2827 3567; baseline 0.001 -20"><span class='ocrx_word' id='word_1_150' title='bbox 1446 3491 1769 3566; x_wconf 70' lang='grc' dir='ltr'>Ἑρμογένην</span> <span class='ocrx_word' id='word_1_151' title='bbox 1805 3497 1890 3548; x_wconf 84' lang='grc' dir='ltr'><strong>τὸν</strong></span> <span class='ocrx_word' id='word_1_152' title='bbox 1931 3495 2097 3567; x_wconf 78' lang='grc' dir='ltr'>ἰατρὸν</span> <span class='ocrx_word' id='word_1_153' title='bbox 2136 3496 2162 3549; x_wconf 81' lang='grc' dir='ltr'>ὁ</span> <span class='ocrx_word' id='word_1_154' title='bbox 2200 3495 2508 3567; x_wconf 81' lang='grc' dir='ltr'>ἀστρολόγος</span> <span class='ocrx_word' id='word_1_155' title='bbox 2545 3494 2827 3566; x_wconf 73' lang='grc' dir='ltr'>Διόφαντος</span> 
     </span>
     <span class='ocr_line' id='line_1_27' title="bbox 1593 3572 2677 3646; baseline 0.002 -23"><span class='ocrx_word' id='word_1_156' title='bbox 1593 3572 1701 3625; x_wconf 83' lang='grc' dir='ltr'>εἶπε</span> <span class='ocrx_word' id='word_1_157' title='bbox 1740 3573 1925 3642; x_wconf 85' lang='grc' dir='ltr'>μόνους</span> <span class='ocrx_word' id='word_1_158' title='bbox 1963 3575 2100 3644; x_wconf 75' lang='grc' dir='ltr'>ζωῆς</span> <span class='ocrx_word' id='word_1_159' title='bbox 2137 3573 2284 3627; x_wconf 79' lang='grc' dir='ltr'>ἐννέα</span> <span class='ocrx_word' id='word_1_160' title='bbox 2321 3579 2487 3644; x_wconf 77' lang='grc' dir='ltr'>μῆνας</span> <span class='ocrx_word' id='word_1_161' title='bbox 2527 3573 2677 3646; x_wconf 81' lang='grc' dir='ltr'>ἔχειν.</span> 
     </span>
     <span class='ocr_line' id='line_1_28' title="bbox 1453 3646 2967 3722; baseline 0.001 -20"><span class='ocrx_word' id='word_1_162' title='bbox 1453 3650 1693 3709; x_wconf 66' lang='grc' dir='ltr'>κάκεῖνος</span> <span class='ocrx_word' id='word_1_163' title='bbox 1727 3650 1961 3722; x_wconf 79' lang='grc' dir='ltr'>γελάσας,</span> <span class='ocrx_word' id='word_1_164' title='bbox 2007 3651 2085 3703; x_wconf 70' lang='grc' dir='ltr'><strong>’τί</strong></span> <span class='ocrx_word' id='word_1_165' title='bbox 2123 3651 2216 3721; x_wconf 85' lang='grc' dir='ltr'><strong>μὲν</strong></span> <span class='ocrx_word' id='word_1_166' title='bbox 2256 3651 2282 3704; x_wconf 82' lang='grc' dir='ltr'>ὁ</span> <span class='ocrx_word' id='word_1_167' title='bbox 2324 3646 2520 3720; x_wconf 79' lang='grc' dir='ltr'>Κρόνος</span> <span class='ocrx_word' id='word_1_168' title='bbox 2558 3650 2706 3705; x_wconf 79' lang='grc' dir='ltr'>ἐννέα</span> <span class='ocrx_word' id='word_1_169' title='bbox 2745 3654 2967 3721; x_wconf 81' lang='grc' dir='ltr'>μηνῶν’,</span> 
     </span>
     <span class='ocr_line' id='line_1_29' title="bbox 1594 3727 2932 3800; baseline 0.001 -22"><span class='ocrx_word' id='word_1_170' title='bbox 1594 3727 1734 3798; x_wconf 75' lang='grc' dir='ltr'>φησί,</span> <span class='ocrx_word' id='word_1_171' title='bbox 1786 3727 1968 3800; x_wconf 66' lang='grc' dir='ltr'><strong>ίλέγει,</strong></span> <span class='ocrx_word' id='word_1_172' title='bbox 2010 3728 2068 3781; x_wconf 85' lang='grc' dir='ltr'><strong>σὺ</strong></span> <span class='ocrx_word' id='word_1_173' title='bbox 2105 3728 2238 3781; x_wconf 85' lang='grc' dir='ltr'>νόει·</span> <span class='ocrx_word' id='word_1_174' title='bbox 2277 3727 2419 3797; x_wconf 81' lang='grc' dir='ltr'><strong>τάμὰ</strong></span> <span class='ocrx_word' id='word_1_175' title='bbox 2456 3729 2511 3781; x_wconf 82' lang='grc' dir='ltr'><strong>δὲ</strong></span> <span class='ocrx_word' id='word_1_176' title='bbox 2548 3727 2773 3799; x_wconf 74' lang='grc' dir='ltr'>σύντομά</span> <span class='ocrx_word' id='word_1_177' title='bbox 2811 3733 2932 3792; x_wconf 86' lang='grc' dir='ltr'>σοι’,</span> 
     </span>
     <span class='ocr_line' id='line_1_30' title="bbox 1458 3804 2823 3877; baseline 0.001 -20"><span class='ocrx_word' id='word_1_178' title='bbox 1458 3806 1568 3859; x_wconf 78' lang='grc' dir='ltr'>εἷπε</span> <span class='ocrx_word' id='word_1_179' title='bbox 1605 3806 1691 3858; x_wconf 68' lang='grc' dir='ltr'><strong>καὶ</strong></span> <span class='ocrx_word' id='word_1_180' title='bbox 1728 3804 1951 3865; x_wconf 69' lang='grc' dir='ltr'>ἐκτείνας</span> <span class='ocrx_word' id='word_1_181' title='bbox 1989 3806 2141 3876; x_wconf 84' lang='grc' dir='ltr'>μόνον</span> <span class='ocrx_word' id='word_1_182' title='bbox 2176 3805 2381 3877; x_wconf 77' lang='grc' dir='ltr'>ἥψατο·</span> <span class='ocrx_word' id='word_1_183' title='bbox 2419 3806 2508 3859; x_wconf 74' lang='grc' dir='ltr'><strong>καὶ</strong></span> <span class='ocrx_word' id='word_1_184' title='bbox 2543 3805 2823 3877; x_wconf 81' lang='grc' dir='ltr'>Διόφαντος</span> 
     </span>
     <span class='ocr_line' id='line_1_31' title="bbox 1593 3882 2643 3955; baseline 0.003 -20"><span class='ocrx_word' id='word_1_185' title='bbox 1593 3882 1752 3937; x_wconf 76' lang='grc' dir='ltr'>ἄλλον</span> <span class='ocrx_word' id='word_1_186' title='bbox 1790 3883 2082 3946; x_wconf 76' lang='grc' dir='ltr'>ἀπελπίζων</span> <span class='ocrx_word' id='word_1_187' title='bbox 2120 3884 2269 3944; x_wconf 83' lang='grc' dir='ltr'>αὐτὸς</span> <span class='ocrx_word' id='word_1_188' title='bbox 2305 3883 2643 3955; x_wconf 70' lang='grc' dir='ltr'>ἀπεσκοίρισεν</span> 
     </span>
     <span class='ocr_line' id='line_1_32' title="bbox 629 3962 1489 4025; baseline 0.005 -16"><span class='ocrx_word' id='word_1_189' title='bbox 629 3962 659 4009; x_wconf 88' lang='grc'>3</span> <span class='ocrx_word' id='word_1_190' title='bbox 700 3963 838 4013; x_wconf 84' lang='lat' dir='ltr'><strong>Mart.</strong></span> <span class='ocrx_word' id='word_1_191' title='bbox 883 3964 956 4011; x_wconf 87' lang='lat' dir='ltr'><strong>XI</strong></span> <span class='ocrx_word' id='word_1_192' title='bbox 998 3962 1084 4025; x_wconf 80' lang='lat'><strong>84,</strong></span> <span class='ocrx_word' id='word_1_193' title='bbox 1127 3964 1177 4013; x_wconf 87' lang='grc'><strong>5.</strong></span> <span class='ocrx_word' id='word_1_194' title='bbox 1219 3964 1291 4012; x_wconf 86' lang='lat' dir='ltr'><strong>VI</strong></span> <span class='ocrx_word' id='word_1_195' title='bbox 1334 3965 1414 4025; x_wconf 84' lang='lat'><strong>70,</strong></span> <span class='ocrx_word' id='word_1_196' title='bbox 1458 3964 1489 4013; x_wconf 83' lang='lat'>6</span> 
     </span>
     <span class='ocr_line' id='line_1_33' title="bbox 804 4038 2031 4114; baseline 0.003 -25"><span class='ocrx_word' id='word_1_197' title='bbox 804 4043 961 4090; x_wconf 72' lang='lat' dir='ltr'><strong>Lxx.</strong></span> <span class='ocrx_word' id='word_1_198' title='bbox 1040 4043 1196 4090; x_wconf 77' lang='lat' dir='ltr'><strong>Anth.</strong></span> <span class='ocrx_word' id='word_1_199' title='bbox 1241 4042 1342 4091; x_wconf 82' lang='lat' dir='ltr'><strong>Pal.</strong></span> <span class='ocrx_word' id='word_1_200' title='bbox 1383 4042 1459 4090; x_wconf 86' lang='lat' dir='ltr'><strong>XI</strong></span> <span class='ocrx_word' id='word_1_201' title='bbox 1501 4041 1596 4090; x_wconf 85' lang='lat'><strong>113</strong></span> <span class='ocrx_word' id='word_1_202' title='bbox 1643 4038 1979 4114; x_wconf 73' lang='grc' dir='ltr'>(Νικάρχου);</span> <span class='ocrx_word' id='word_1_203' title='bbox 2027 4063 2031 4066; x_wconf 51' lang='lat'><strong><em>⁴</em></strong></span> 
     </span>
     <span class='ocr_line' id='line_1_34' title="bbox 1454 4115 2955 4194; baseline 0 -23"><span class='ocrx_word' id='word_1_204' title='bbox 1454 4115 1559 4171; x_wconf 73' lang='grc' dir='ltr'><strong>Τοῦ</strong></span> <span class='ocrx_word' id='word_1_205' title='bbox 1595 4116 1793 4173; x_wconf 74' lang='grc' dir='ltr'>λιθίνου</span> <span class='ocrx_word' id='word_1_206' title='bbox 1832 4118 1948 4179; x_wconf 83' lang='grc' dir='ltr'>Διὸς</span> <span class='ocrx_word' id='word_1_207' title='bbox 1987 4119 2143 4194; x_wconf 73' lang='grc' dir='ltr'>ἐχθὲς</span> <span class='ocrx_word' id='word_1_208' title='bbox 2180 4121 2206 4174; x_wconf 81' lang='grc' dir='ltr'>ὁ</span> <span class='ocrx_word' id='word_1_209' title='bbox 2243 4119 2468 4179; x_wconf 69' lang='grc' dir='ltr'>κλινικὸς</span> <span class='ocrx_word' id='word_1_210' title='bbox 2503 4118 2674 4190; x_wconf 79' lang='grc' dir='ltr'>ἥψατο</span> <span class='ocrx_word' id='word_1_211' title='bbox 2711 4115 2955 4189; x_wconf 74' lang='grc' dir='ltr'>Μάρκος·</span> 
     </span>
     <span class='ocr_line' id='line_1_35' title="bbox 1589 4196 2822 4269; baseline -0.001 -21"><span class='ocrx_word' id='word_1_212' title='bbox 1589 4197 1676 4249; x_wconf 66' lang='grc' dir='ltr'><strong>καὶ</strong></span> <span class='ocrx_word' id='word_1_213' title='bbox 1711 4196 1855 4256; x_wconf 75' lang='grc' dir='ltr'>λίθος</span> <span class='ocrx_word' id='word_1_214' title='bbox 1891 4199 1961 4249; x_wconf 84' lang='grc' dir='ltr'><strong>ὢν</strong></span> <span class='ocrx_word' id='word_1_215' title='bbox 1998 4199 2084 4251; x_wconf 70' lang='grc' dir='ltr'><strong>καὶ</strong></span> <span class='ocrx_word' id='word_1_216' title='bbox 2123 4197 2256 4256; x_wconf 86' lang='grc' dir='ltr'>Ζεὺς</span> <span class='ocrx_word' id='word_1_217' title='bbox 2295 4198 2518 4269; x_wconf 81' lang='grc' dir='ltr'>σήμερον</span> <span class='ocrx_word' id='word_1_218' title='bbox 2555 4196 2822 4268; x_wconf 72' lang='grc' dir='ltr'>ἐκφέρεται</span> 
     </span>
    </p>
   </div>
   <div class='ocr_carea' id='block_1_9' title="bbox 1057 4320 1454 4328">
    <p class='ocr_par' dir='ltr' id='par_1_9' title="bbox 1057 4320 1454 4328">
     <span class='ocr_line' id='line_1_36' title="bbox 1057 4320 1454 4328; baseline 0 0"><span class='ocrx_word' id='word_1_219' title='bbox 1057 4320 1454 4328; x_wconf 95' lang='lat' dir='ltr'><strong> </strong></span> 
     </span>
    </p>
   </div>
   <div class='ocr_carea' id='block_1_10' title="bbox 803 4404 3889 4507">
    <p class='ocr_par' dir='ltr' id='par_1_10' title="bbox 803 4404 3889 4507">
     <span class='ocr_line' id='line_1_37' title="bbox 803 4404 3889 4507; baseline -0.001 -54"><span class='ocrx_word' id='word_1_220' title='bbox 803 4404 1066 4453; x_wconf 82' lang='lat' dir='ltr'><strong>LXVIIII.</strong></span> <span class='ocrx_word' id='word_1_221' title='bbox 1143 4406 1219 4453; x_wconf 89' lang='lat' dir='ltr'><strong>De</strong></span> <span class='ocrx_word' id='word_1_222' title='bbox 1254 4406 1446 4455; x_wconf 83' lang='lat' dir='ltr'><strong>Alcone</strong></span> <span class='ocrx_word' id='word_1_223' title='bbox 1482 4406 1674 4455; x_wconf 87' lang='lat' dir='ltr'><strong>medico</strong></span> <span class='ocrx_word' id='word_1_224' title='bbox 1711 4408 1801 4467; x_wconf 88' lang='lat' dir='ltr'><strong>qui</strong></span> <span class='ocrx_word' id='word_1_225' title='bbox 1835 4408 2120 4469; x_wconf 73' lang='lat' dir='ltr'><strong>aruspicem</strong></span> <span class='ocrx_word' id='word_1_226' title='bbox 2163 4407 2308 4469; x_wconf 81' lang='lat' dir='ltr'><strong>(har-)</strong></span> <span class='ocrx_word' id='word_1_227' title='bbox 2354 4408 2677 4469; x_wconf 80' lang='lat' dir='ltr'><strong>uaniloquum</strong></span> <span class='ocrx_word' id='word_1_228' title='bbox 2716 4407 2835 4456; x_wconf 77' lang='lat' dir='ltr'><strong>fecit</strong></span> <span class='ocrx_word' id='word_1_229' title='bbox 2874 4422 2928 4471; x_wconf 84' lang='grc' dir='ltr'><strong>χ,</strong></span> <span class='ocrx_word' id='word_1_230' title='bbox 2968 4406 3170 4454; x_wconf 78' lang='lat' dir='ltr'><strong>nullum</strong></span> <span class='ocrx_word' id='word_1_231' title='bbox 3206 4407 3404 4507; x_wconf 48' lang='grc' dir='ltr'><strong>ιεινιιιιτιζιίια</strong></span> <span class='ocrx_word' id='word_1_232' title='bbox 3431 4404 3546 4465; x_wconf 84' lang='grc' dir='ltr'><strong><em>ΤΜ,</em></strong></span> <span class='ocrx_word' id='word_1_233' title='bbox 3586 4406 3663 4452; x_wconf 91' lang='lat' dir='ltr'><strong>De</strong></span> <span class='ocrx_word' id='word_1_234' title='bbox 3701 4405 3889 4453; x_wconf 81' lang='lat' dir='ltr'><strong>Alcone</strong></span> 
     </span>
    </p>
   </div>
   <div class='ocr_carea' id='block_1_11' title="bbox 622 4487 3967 5643">
    <p class='ocr_par' dir='ltr' id='par_1_11' title="bbox 629 4487 3813 4657">
     <span class='ocr_line' id='line_1_38' title="bbox 629 4487 3813 4575; baseline 0 -20"><span class='ocrx_word' id='word_1_235' title='bbox 629 4507 819 4555; x_wconf 88' lang='lat' dir='ltr'><strong>medico</strong></span> <span class='ocrx_word' id='word_1_236' title='bbox 855 4513 909 4555; x_wconf 83' lang='lat' dir='ltr'><strong>et</strong></span> <span class='ocrx_word' id='word_1_237' title='bbox 945 4508 1159 4557; x_wconf 88' lang='lat' dir='ltr'><strong>Diodoro</strong></span> <span class='ocrx_word' id='word_1_238' title='bbox 1194 4507 1458 4570; x_wconf 77' lang='lat' dir='ltr'><strong>haruspice</strong></span> <span class='ocrx_word' id='word_1_239' title='bbox 1496 4508 1658 4570; x_wconf 72' lang='lat' dir='ltr'><strong>Luqd.</strong></span> <span class='ocrx_word' id='word_1_240' title='bbox 1701 4510 1842 4570; x_wconf 75' lang='lat' dir='ltr'><strong>volyo</strong></span> <span class='ocrx_word' id='word_1_241' title='bbox 2098 4509 2120 4558; x_wconf 85' lang='lat'><strong>1</strong></span> <span class='ocrx_word' id='word_1_242' title='bbox 2162 4487 2409 4575; x_wconf 74' lang='lat' dir='ltr'><strong>¹²aruspex</strong></span> <span class='ocrx_word' id='word_1_243' title='bbox 2453 4511 2514 4571; x_wconf 98' lang='grc' dir='ltr'><strong><em>Τ,</em></strong></span> <span class='ocrx_word' id='word_1_244' title='bbox 2555 4525 2771 4573; x_wconf 75' lang='lat' dir='ltr'><strong>aruspex</strong></span> <span class='ocrx_word' id='word_1_245' title='bbox 2811 4510 2869 4557; x_wconf 76' lang='lat' dir='ltr'><em>M</em></span> <span class='ocrx_word' id='word_1_246' title='bbox 3120 4509 3151 4557; x_wconf 77' lang='lat'>4</span> <span class='ocrx_word' id='word_1_247' title='bbox 3189 4511 3427 4559; x_wconf 88' lang='lat' dir='ltr'><strong>conuenit</strong></span> <span class='ocrx_word' id='word_1_248' title='bbox 3468 4510 3509 4555; x_wconf 91' lang='grc' dir='ltr'><strong><em>Τ</em></strong></span> <span class='ocrx_word' id='word_1_249' title='bbox 3546 4509 3692 4570; x_wconf 73' lang='lat' dir='ltr'><strong>(uicit</strong></span> <span class='ocrx_word' id='word_1_250' title='bbox 3725 4505 3813 4570; x_wconf 75' lang='lat' dir='ltr'><strong>m2)</strong></span> 
     </span>
     <span class='ocr_line' id='line_1_39' title="bbox 629 4593 2018 4657; baseline 0.002 -17"><span class='ocrx_word' id='word_1_251' title='bbox 629 4594 975 4656; x_wconf 76' lang='lat' dir='ltr'><strong>haruspicium</strong></span> <span class='ocrx_word' id='word_1_252' title='bbox 1017 4593 1076 4655; x_wconf 89' lang='grc' dir='ltr'><strong><em>Τ,</em></strong></span> <span class='ocrx_word' id='word_1_253' title='bbox 1117 4594 1427 4657; x_wconf 79' lang='lat' dir='ltr'><strong>aruspicium</strong></span> <span class='ocrx_word' id='word_1_254' title='bbox 1467 4594 1523 4641; x_wconf 81' lang='lat' dir='ltr'><em>M</em></span> <span class='ocrx_word' id='word_1_255' title='bbox 1729 4596 1760 4644; x_wconf 88' lang='grc'><strong>6</strong></span> <span class='ocrx_word' id='word_1_256' title='bbox 1799 4596 1931 4645; x_wconf 78' lang='lat' dir='ltr'><strong>illico</strong></span> <span class='ocrx_word' id='word_1_257' title='bbox 1977 4597 2018 4643; x_wconf 91' lang='grc' dir='ltr'><strong><em>Τ</em></strong></span> 
     </span>
    </p>

    <p class='ocr_par' dir='ltr' id='par_1_12' title="bbox 626 4678 3967 4918">
     <span class='ocr_line' id='line_1_40' title="bbox 801 4678 3890 4749; baseline 0 -23"><span class='ocrx_word' id='word_1_258' title='bbox 801 4678 960 4727; x_wconf 80' lang='lat' dir='ltr'><strong>Lxx.</strong></span> <span class='ocrx_word' id='word_1_259' title='bbox 1037 4681 1115 4728; x_wconf 92' lang='lat' dir='ltr'><strong>De</strong></span> <span class='ocrx_word' id='word_1_260' title='bbox 1153 4682 1293 4741; x_wconf 83' lang='lat' dir='ltr'><strong>signo</strong></span> <span class='ocrx_word' id='word_1_261' title='bbox 1327 4682 1462 4730; x_wconf 87' lang='lat' dir='ltr'><strong>Iouis</strong></span> <span class='ocrx_word' id='word_1_262' title='bbox 1500 4686 1628 4730; x_wconf 78' lang='lat' dir='ltr'><strong>tacto</strong></span> <span class='ocrx_word' id='word_1_263' title='bbox 1664 4684 1727 4730; x_wconf 89' lang='lat' dir='ltr'><strong>ab</strong></span> <span class='ocrx_word' id='word_1_264' title='bbox 1763 4683 1949 4730; x_wconf 77' lang='lat' dir='ltr'><strong>Alcone</strong></span> <span class='ocrx_word' id='word_1_265' title='bbox 1986 4683 2177 4731; x_wconf 89' lang='lat' dir='ltr'><strong>medico</strong></span> <span class='ocrx_word' id='word_1_266' title='bbox 2212 4700 2266 4749; x_wconf 80' lang='grc' dir='ltr'><strong>χ,</strong></span> <span class='ocrx_word' id='word_1_267' title='bbox 2306 4684 2506 4732; x_wconf 77' lang='lat' dir='ltr'><strong>nullum</strong></span> <span class='ocrx_word' id='word_1_268' title='bbox 2543 4684 2721 4731; x_wconf 83' lang='lat' dir='ltr'><strong>lemma</strong></span> <span class='ocrx_word' id='word_1_269' title='bbox 2772 4682 2883 4743; x_wconf 79' lang='lat' dir='ltr'><strong>TM,</strong></span> <span class='ocrx_word' id='word_1_270' title='bbox 2924 4683 3001 4731; x_wconf 89' lang='lat' dir='ltr'><strong>De</strong></span> <span class='ocrx_word' id='word_1_271' title='bbox 3038 4683 3181 4742; x_wconf 84' lang='lat' dir='ltr'><strong>signo</strong></span> <span class='ocrx_word' id='word_1_272' title='bbox 3219 4682 3356 4730; x_wconf 85' lang='lat' dir='ltr'><strong>Iouis</strong></span> <span class='ocrx_word' id='word_1_273' title='bbox 3392 4687 3445 4731; x_wconf 90' lang='lat' dir='ltr'><strong>et</strong></span> <span class='ocrx_word' id='word_1_274' title='bbox 3474 4682 3660 4729; x_wconf 77' lang='lat' dir='ltr'><strong>Alcone</strong></span> <span class='ocrx_word' id='word_1_275' title='bbox 3696 4679 3890 4728; x_wconf 87' lang='lat' dir='ltr'><strong>medico</strong></span> 
     </span>
     <span class='ocr_line' id='line_1_41' title="bbox 626 4764 3820 4833; baseline 0 -20"><span class='ocrx_word' id='word_1_276' title='bbox 626 4764 760 4815; x_wconf 78' lang='lat' dir='ltr'><strong>Scal.</strong></span> <span class='ocrx_word' id='word_1_277' title='bbox 799 4766 943 4825; x_wconf 77' lang='lat' dir='ltr'><strong>volqo</strong></span> <span class='ocrx_word' id='word_1_278' title='bbox 1167 4766 1188 4814; x_wconf 95' lang='lat' dir='ltr'>l</span> <span class='ocrx_word' id='word_1_279' title='bbox 1228 4771 1440 4816; x_wconf 87' lang='lat' dir='ltr'><strong>externo</strong></span> <span class='ocrx_word' id='word_1_280' title='bbox 1478 4765 1686 4829; x_wconf 78' lang='lat' dir='ltr'><strong><em>MTvv2,</em></strong></span> <span class='ocrx_word' id='word_1_281' title='bbox 1728 4773 1956 4817; x_wconf 84' lang='lat' dir='ltr'><strong>extremo</strong></span> <span class='ocrx_word' id='word_1_282' title='bbox 1993 4771 2028 4833; x_wconf 90' lang='lat' dir='ltr'><strong>l,</strong></span> <span class='ocrx_word' id='word_1_283' title='bbox 2070 4770 2303 4819; x_wconf 86' lang='lat' dir='ltr'><strong>hesterno</strong></span> <span class='ocrx_word' id='word_1_284' title='bbox 2339 4770 2477 4819; x_wconf 77' lang='lat' dir='ltr'><strong>muE</strong></span> <span class='ocrx_word' id='word_1_285' title='bbox 2684 4768 2714 4818; x_wconf 88' lang='grc'><strong>2</strong></span> <span class='ocrx_word' id='word_1_286' title='bbox 2752 4769 2971 4831; x_wconf 85' lang='lat' dir='ltr'><strong>quanuis</strong></span> <span class='ocrx_word' id='word_1_287' title='bbox 3013 4768 3056 4814; x_wconf 99' lang='grc' dir='ltr'><strong><em>Τ</em></strong></span> <span class='ocrx_word' id='word_1_288' title='bbox 3262 4767 3292 4816; x_wconf 89' lang='grc'>3</span> <span class='ocrx_word' id='word_1_289' title='bbox 3329 4770 3473 4817; x_wconf 80' lang='lat' dir='ltr'><strong>uisus</strong></span> <span class='ocrx_word' id='word_1_290' title='bbox 3510 4769 3737 4816; x_wconf 76' lang='lat' dir='ltr'><strong>trasferei</strong></span> <span class='ocrx_word' id='word_1_291' title='bbox 3779 4766 3820 4813; x_wconf 88' lang='lat' dir='ltr'><em>T</em></span> 
     </span>
     <span class='ocr_line' id='line_1_42' title="bbox 628 4852 3967 4918; baseline 0.003 -18"><span class='ocrx_word' id='word_1_292' title='bbox 628 4866 691 4900; x_wconf 82' lang='lat' dir='ltr'><strong>ex</strong></span> <span class='ocrx_word' id='word_1_293' title='bbox 729 4853 850 4901; x_wconf 84' lang='lat' dir='ltr'><strong>aede</strong></span> <span class='ocrx_word' id='word_1_294' title='bbox 889 4852 935 4899; x_wconf 82' lang='grc' dir='ltr'><em>Ε</em></span> <span class='ocrx_word' id='word_1_295' title='bbox 963 4854 1107 4913; x_wconf 77' lang='lat' dir='ltr'><strong>volyo</strong></span> <span class='ocrx_word' id='word_1_296' title='bbox 1314 4854 1347 4902; x_wconf 88' lang='grc'>4</span> <span class='ocrx_word' id='word_1_297' title='bbox 1383 4856 1594 4904; x_wconf 78' lang='lat' dir='ltr'><strong>effectus</strong></span> <span class='ocrx_word' id='word_1_298' title='bbox 1638 4855 1679 4901; x_wconf 91' lang='grc' dir='ltr'><strong><em>Τ</em></strong></span> <span class='ocrx_word' id='word_1_299' title='bbox 1720 4855 1862 4918; x_wconf 68' lang='lat' dir='ltr'><strong>(corr.</strong></span> <span class='ocrx_word' id='word_1_300' title='bbox 1901 4852 1991 4917; x_wconf 76' lang='lat' dir='ltr'><strong>m2)</strong></span> <span class='ocrx_word' id='word_1_301' title='bbox 3962 4906 3967 4910; x_wconf 83' lang='grc'><em>.</em></span> 
     </span>
    </p>

    <p class='ocr_par' dir='ltr' id='par_1_13' title="bbox 622 4939 3894 5643">
     <span class='ocr_line' id='line_1_43' title="bbox 802 4939 3887 5005; baseline -0 -18"><span class='ocrx_word' id='word_1_302' title='bbox 802 4939 991 4990; x_wconf 86' lang='lat' dir='ltr'><strong>LXXI.</strong></span> <span class='ocrx_word' id='word_1_303' title='bbox 1065 4940 1245 4988; x_wconf 77' lang='lat' dir='ltr'><strong>lemma</strong></span> <span class='ocrx_word' id='word_1_304' title='bbox 1282 4942 1335 4989; x_wconf 75' lang='lat' dir='ltr'><strong>in</strong></span> <span class='ocrx_word' id='word_1_305' title='bbox 1381 4942 1424 4989; x_wconf 99' lang='lat' dir='ltr'><strong><em>V</em></strong></span> <span class='ocrx_word' id='word_1_306' title='bbox 1627 4943 1764 4991; x_wconf 87' lang='lat' dir='ltr'><strong>Idem</strong></span> <span class='ocrx_word' id='word_1_307' title='bbox 1805 4941 1876 5005; x_wconf 79' lang='lat' dir='ltr'><strong>M,</strong></span> <span class='ocrx_word' id='word_1_308' title='bbox 1917 4944 1994 4990; x_wconf 92' lang='lat' dir='ltr'><strong>De</strong></span> <span class='ocrx_word' id='word_1_309' title='bbox 2020 4943 2247 4992; x_wconf 90' lang='lat' dir='ltr'><strong>Eunomo</strong></span> <span class='ocrx_word' id='word_1_310' title='bbox 2283 4944 2370 5005; x_wconf 86' lang='lat' dir='ltr'><strong>qui</strong></span> <span class='ocrx_word' id='word_1_311' title='bbox 2416 4942 2562 5005; x_wconf 88' lang='lat' dir='ltr'><strong>(quod</strong></span> <span class='ocrx_word' id='word_1_312' title='bbox 2588 4941 2690 5005; x_wconf 84' lang='lat' dir='ltr'><strong>mu)</strong></span> <span class='ocrx_word' id='word_1_313' title='bbox 2733 4942 2929 4991; x_wconf 78' lang='lat' dir='ltr'><strong>dixerat</strong></span> <span class='ocrx_word' id='word_1_314' title='bbox 2964 4956 3166 5002; x_wconf 84' lang='lat' dir='ltr'><strong>aegrum</strong></span> <span class='ocrx_word' id='word_1_315' title='bbox 3210 4942 3427 5004; x_wconf 80' lang='lat' dir='ltr'><strong>(aegrum</strong></span> <span class='ocrx_word' id='word_1_316' title='bbox 3452 4953 3549 4988; x_wconf 88' lang='lat' dir='ltr'><strong>om.</strong></span> <span class='ocrx_word' id='word_1_317' title='bbox 3576 4939 3677 4998; x_wconf 77' lang='lat' dir='ltr'><strong>mu)</strong></span> <span class='ocrx_word' id='word_1_318' title='bbox 3724 4953 3887 5000; x_wconf 91' lang='lat' dir='ltr'><strong>quen-</strong></span> 
     </span>
     <span class='ocr_line' id='line_1_44' title="bbox 626 5025 3883 5092; baseline -0.001 -16"><span class='ocrx_word' id='word_1_319' title='bbox 626 5026 735 5076; x_wconf 80' lang='lat' dir='ltr'><strong>darn</strong></span> <span class='ocrx_word' id='word_1_320' title='bbox 787 5028 1084 5075; x_wconf 84' lang='lat' dir='ltr'><strong>moriturum</strong></span> <span class='ocrx_word' id='word_1_321' title='bbox 1119 5042 1188 5091; x_wconf 77' lang='grc' dir='ltr'><strong>χ,</strong></span> <span class='ocrx_word' id='word_1_322' title='bbox 1237 5029 1435 5077; x_wconf 78' lang='lat' dir='ltr'><strong>nullum</strong></span> <span class='ocrx_word' id='word_1_323' title='bbox 1468 5030 1646 5077; x_wconf 76' lang='lat' dir='ltr'><strong>lemnw</strong></span> <span class='ocrx_word' id='word_1_324' title='bbox 1690 5030 1757 5092; x_wconf 88' lang='grc' dir='ltr'><strong>Τ,</strong></span> <span class='ocrx_word' id='word_1_325' title='bbox 1807 5030 1868 5077; x_wconf 91' lang='lat' dir='ltr'><strong>In</strong></span> <span class='ocrx_word' id='word_1_326' title='bbox 1914 5031 2011 5079; x_wconf 81' lang='lat' dir='ltr'><strong>alio</strong></span> <span class='ocrx_word' id='word_1_327' title='bbox 2047 5032 2166 5078; x_wconf 83' lang='lat' dir='ltr'><strong>item</strong></span> <span class='ocrx_word' id='word_1_328' title='bbox 2206 5031 2372 5079; x_wconf 79' lang='lat' dir='ltr'><strong>codice</strong></span> <span class='ocrx_word' id='word_1_329' title='bbox 2409 5032 2461 5078; x_wconf 87' lang='lat' dir='ltr'><strong>in</strong></span> <span class='ocrx_word' id='word_1_330' title='bbox 2501 5030 2672 5078; x_wconf 86' lang='lat' dir='ltr'><strong>eadem</strong></span> <span class='ocrx_word' id='word_1_331' title='bbox 2708 5029 3023 5088; x_wconf 75' lang='lat' dir='ltr'><strong>bybliotheca</strong></span> <span class='ocrx_word' id='word_1_332' title='bbox 3060 5030 3273 5077; x_wconf 88' lang='lat' dir='ltr'><strong>inuento</strong></span> <span class='ocrx_word' id='word_1_333' title='bbox 3311 5030 3384 5075; x_wconf 87' lang='lat' dir='ltr'><strong>sic</strong></span> <span class='ocrx_word' id='word_1_334' title='bbox 3421 5028 3634 5074; x_wconf 88' lang='lat' dir='ltr'><strong>habetur</strong></span> <span class='ocrx_word' id='word_1_335' title='bbox 3679 5025 3883 5074; x_wconf 75' lang='lat' dir='ltr'><strong>Vindob.</strong></span> 
     </span>
     <span class='ocr_line' id='line_1_45' title="bbox 626 5111 3814 5179; baseline -0.001 -18"><span class='ocrx_word' id='word_1_336' title='bbox 626 5114 757 5161; x_wconf 71' lang='lat'><strong>3261</strong></span> <span class='ocrx_word' id='word_1_337' title='bbox 784 5111 829 5173; x_wconf 76' lang='lat' dir='ltr'><strong>f.</strong></span> <span class='ocrx_word' id='word_1_338' title='bbox 862 5111 956 5160; x_wconf 72' lang='lat'><strong>26’·</strong></span> <span class='ocrx_word' id='word_1_339' title='bbox 980 5132 1043 5155; x_wconf 88' lang='lat'><strong>==</strong></span> <span class='ocrx_word' id='word_1_340' title='bbox 1073 5113 1116 5158; x_wconf 79' lang='lat' dir='ltr'><strong><em>A</em></strong></span> <span class='ocrx_word' id='word_1_341' title='bbox 1330 5114 1351 5165; x_wconf 91' lang='lat'>1</span> <span class='ocrx_word' id='word_1_342' title='bbox 1393 5117 1719 5174; x_wconf 79' lang='lat' dir='ltr'><strong>languentem</strong></span> <span class='ocrx_word' id='word_1_343' title='bbox 1755 5116 1798 5163; x_wconf 99' lang='lat' dir='ltr'><strong><em>V</em></strong></span> <span class='ocrx_word' id='word_1_344' title='bbox 1820 5116 1919 5179; x_wconf 90' lang='lat' dir='ltr'><strong>(lan</strong></span> <span class='ocrx_word' id='word_1_345' title='bbox 1946 5112 2035 5178; x_wconf 71' lang='lat'><strong>⁷11²,</strong></span> <span class='ocrx_word' id='word_1_346' title='bbox 2067 5118 2082 5163; x_wconf 88' lang='lat'>1</span> <span class='ocrx_word' id='word_1_347' title='bbox 2110 5121 2163 5165; x_wconf 81' lang='lat' dir='ltr'><strong>in</strong></span> <span class='ocrx_word' id='word_1_348' title='bbox 2187 5131 2307 5175; x_wconf 63' lang='lat' dir='ltr'><strong>ras„</strong></span> <span class='ocrx_word' id='word_1_349' title='bbox 2341 5132 2388 5164; x_wconf 87' lang='lat' dir='ltr'><strong>m</strong></span> <span class='ocrx_word' id='word_1_350' title='bbox 2413 5112 2526 5177; x_wconf 75' lang='lat' dir='ltr'><strong>m2)‚</strong></span> <span class='ocrx_word' id='word_1_351' title='bbox 2556 5117 2890 5175; x_wconf 82' lang='lat' dir='ltr'><strong>languentum</strong></span> <span class='ocrx_word' id='word_1_352' title='bbox 2923 5115 2964 5160; x_wconf 98' lang='grc' dir='ltr'><strong><em>Τ</em></strong></span> <span class='ocrx_word' id='word_1_353' title='bbox 3167 5115 3333 5175; x_wconf 84' lang='lat' dir='ltr'><strong>gaium</strong></span> <span class='ocrx_word' id='word_1_354' title='bbox 3369 5113 3474 5174; x_wconf 80' lang='lat' dir='ltr'><strong>VA,</strong></span> <span class='ocrx_word' id='word_1_355' title='bbox 3503 5125 3531 5159; x_wconf 94' lang='lat' dir='ltr'><strong>e</strong></span> <span class='ocrx_word' id='word_1_356' title='bbox 3553 5113 3743 5175; x_wconf 89' lang='lat' dir='ltr'><strong>populo</strong></span> <span class='ocrx_word' id='word_1_357' title='bbox 3771 5126 3814 5159; x_wconf 88' lang='grc' dir='ltr'>ω</span> 
     </span>
     <span class='ocr_line' id='line_1_46' title="bbox 627 5181 3877 5264; baseline -0.001 -17"><span class='ocrx_word' id='word_1_358' title='bbox 627 5200 744 5247; x_wconf 81' lang='lat' dir='ltr'><strong>oiim</strong></span> <span class='ocrx_word' id='word_1_359' title='bbox 789 5199 888 5261; x_wconf 80' lang='lat' dir='ltr'><strong>VA,</strong></span> <span class='ocrx_word' id='word_1_360' title='bbox 931 5212 1102 5259; x_wconf 75' lang='lat' dir='ltr'><strong>agrum</strong></span> <span class='ocrx_word' id='word_1_361' title='bbox 1141 5214 1183 5247; x_wconf 82' lang='grc' dir='ltr'>ω</span> <span class='ocrx_word' id='word_1_362' title='bbox 1393 5203 1424 5251; x_wconf 89' lang='grc'>3</span> <span class='ocrx_word' id='word_1_363' title='bbox 1463 5181 1585 5249; x_wconf 65' lang='lat' dir='ltr'><strong>haut</strong></span> <span class='ocrx_word' id='word_1_364' title='bbox 1627 5201 1822 5263; x_wconf 80' lang='lat' dir='ltr'><strong>V(h1&#39;n</strong></span> <span class='ocrx_word' id='word_1_365' title='bbox 1845 5216 1943 5249; x_wconf 76' lang='lat' dir='ltr'><strong>ms.</strong></span> <span class='ocrx_word' id='word_1_366' title='bbox 1973 5199 2062 5261; x_wconf 74' lang='lat' dir='ltr'><strong>m2)</strong></span> <span class='ocrx_word' id='word_1_367' title='bbox 2279 5203 2308 5250; x_wconf 87' lang='lat'>5</span> <span class='ocrx_word' id='word_1_368' title='bbox 2348 5203 2489 5262; x_wconf 81' lang='lat' dir='ltr'><strong>gaius</strong></span> <span class='ocrx_word' id='word_1_369' title='bbox 2535 5202 2731 5264; x_wconf 75' lang='lat' dir='ltr'><strong><em>VAME,</em></strong></span> <span class='ocrx_word' id='word_1_370' title='bbox 2774 5202 2914 5249; x_wconf 81' lang='lat' dir='ltr'><strong>caius</strong></span> <span class='ocrx_word' id='word_1_371' title='bbox 2959 5200 3001 5247; x_wconf 84' lang='lat' dir='ltr'><em>T</em></span> <span class='ocrx_word' id='word_1_372' title='bbox 3039 5201 3109 5264; x_wconf 78' lang='lat' dir='ltr'><strong>(in</strong></span> <span class='ocrx_word' id='word_1_373' title='bbox 3146 5214 3240 5262; x_wconf 77' lang='lat' dir='ltr'><strong>quo</strong></span> <span class='ocrx_word' id='word_1_374' title='bbox 3277 5201 3514 5259; x_wconf 75' lang='lat' dir='ltr'><strong>scriptum</strong></span> <span class='ocrx_word' id='word_1_375' title='bbox 3548 5204 3652 5247; x_wconf 78' lang='lat' dir='ltr'><strong>erat</strong></span> <span class='ocrx_word' id='word_1_376' title='bbox 3689 5211 3716 5247; x_wconf 91' lang='grc' dir='ltr'>ο</span> <span class='ocrx_word' id='word_1_377' title='bbox 3753 5200 3877 5260; x_wconf 88' lang='lat' dir='ltr'><strong>aius)</strong></span> 
     </span>
     <span class='ocr_line' id='line_1_47' title="bbox 625 5283 3894 5353; baseline -0.001 -20"><span class='ocrx_word' id='word_1_378' title='bbox 625 5291 715 5335; x_wconf 72' lang='lat' dir='ltr'><strong>eet.</strong></span> <span class='ocrx_word' id='word_1_379' title='bbox 969 5286 1042 5333; x_wconf 80' lang='lat' dir='ltr'><strong>ais</strong></span> <span class='ocrx_word' id='word_1_380' title='bbox 1078 5286 1223 5335; x_wconf 81' lang='lat' dir='ltr'><strong>uisne</strong></span> <span class='ocrx_word' id='word_1_381' title='bbox 1267 5289 1308 5337; x_wconf 88' lang='lat' dir='ltr'><em>T</em></span> <span class='ocrx_word' id='word_1_382' title='bbox 1551 5288 1636 5336; x_wconf 87' lang='lat' dir='ltr'><strong>hic</strong></span> <span class='ocrx_word' id='word_1_383' title='bbox 1678 5288 1779 5349; x_wconf 80' lang='lat' dir='ltr'><strong>VA,</strong></span> <span class='ocrx_word' id='word_1_384' title='bbox 1821 5288 1912 5337; x_wconf 86' lang='lat' dir='ltr'><strong>hoc</strong></span> <span class='ocrx_word' id='word_1_385' title='bbox 1950 5305 1992 5337; x_wconf 92' lang='grc' dir='ltr'><em>ω</em></span> <span class='ocrx_word' id='word_1_386' title='bbox 2237 5291 2418 5337; x_wconf 80' lang='lat' dir='ltr'><strong>annuit</strong></span> <span class='ocrx_word' id='word_1_387' title='bbox 2456 5285 2514 5333; x_wconf 77' lang='lat' dir='ltr'><em>M</em></span> <span class='ocrx_word' id='word_1_388' title='bbox 2750 5284 2823 5353; x_wconf 87' lang='lat' dir='ltr'><strong>et]</strong></span> <span class='ocrx_word' id='word_1_389' title='bbox 2859 5292 2909 5335; x_wconf 87' lang='lat' dir='ltr'><strong>at</strong></span> <span class='ocrx_word' id='word_1_390' title='bbox 2944 5303 2983 5352; x_wconf 81' lang='grc' dir='ltr'><em>χ</em></span> <span class='ocrx_word' id='word_1_391' title='bbox 3016 5288 3159 5346; x_wconf 75' lang='lat' dir='ltr'><strong>volyo</strong></span> <span class='ocrx_word' id='word_1_392' title='bbox 3401 5290 3454 5333; x_wconf 91' lang='lat' dir='ltr'><strong>et</strong></span> <span class='ocrx_word' id='word_1_393' title='bbox 3489 5285 3611 5347; x_wconf 87' lang='lat' dir='ltr'><strong>quid</strong></span> <span class='ocrx_word' id='word_1_394' title='bbox 3645 5299 3740 5334; x_wconf 86' lang='lat' dir='ltr'><strong>om.</strong></span> <span class='ocrx_word' id='word_1_395' title='bbox 3789 5283 3894 5331; x_wconf 81' lang='grc' dir='ltr'><strong><em>ΤΜ</em></strong></span> 
     </span>
     <span class='ocr_line' id='line_1_48' title="bbox 626 5368 3815 5437; baseline -0.003 -10"><span class='ocrx_word' id='word_1_396' title='bbox 626 5370 657 5419; x_wconf 81' lang='grc'><strong>6</strong></span> <span class='ocrx_word' id='word_1_397' title='bbox 694 5368 851 5437; x_wconf 75' lang='lat' dir='ltr'><strong>nunc]</strong></span> <span class='ocrx_word' id='word_1_398' title='bbox 886 5372 982 5420; x_wconf 71' lang='lat' dir='ltr'><strong>huc</strong></span> <span class='ocrx_word' id='word_1_399' title='bbox 1022 5371 1107 5418; x_wconf 83' lang='grc' dir='ltr'><strong>ΤΕ</strong></span> <span class='ocrx_word' id='word_1_400' title='bbox 1377 5387 1526 5433; x_wconf 70' lang='lat' dir='ltr'><strong>iussu</strong></span> <span class='ocrx_word' id='word_1_401' title='bbox 1569 5375 1656 5421; x_wconf 85' lang='grc' dir='ltr'><strong><em>ΤΕ</em></strong></span> <span class='ocrx_word' id='word_1_402' title='bbox 1685 5376 1829 5435; x_wconf 75' lang='lat' dir='ltr'><strong>volyo</strong></span> <span class='ocrx_word' id='word_1_403' title='bbox 2111 5374 2138 5421; x_wconf 84' lang='lat'><strong>7</strong></span> <span class='ocrx_word' id='word_1_404' title='bbox 2178 5380 2236 5424; x_wconf 88' lang='lat' dir='ltr'><strong>ut</strong></span> <span class='ocrx_word' id='word_1_405' title='bbox 2271 5377 2361 5437; x_wconf 85' lang='lat' dir='ltr'><strong>qui</strong></span> <span class='ocrx_word' id='word_1_406' title='bbox 2400 5376 2548 5435; x_wconf 72' lang='lat' dir='ltr'><strong>Ama,</strong></span> <span class='ocrx_word' id='word_1_407' title='bbox 2602 5380 2760 5436; x_wconf 90' lang='lat' dir='ltr'><strong>utque</strong></span> <span class='ocrx_word' id='word_1_408' title='bbox 2802 5374 2860 5433; x_wconf 91' lang='grc' dir='ltr'><strong><em>Τ,</em></strong></span> <span class='ocrx_word' id='word_1_409' title='bbox 2913 5380 3127 5434; x_wconf 89' lang='lat' dir='ltr'><strong>uterque</strong></span> <span class='ocrx_word' id='word_1_410' title='bbox 3170 5371 3236 5430; x_wconf 81' lang='lat' dir='ltr'><strong>M,</strong></span> <span class='ocrx_word' id='word_1_411' title='bbox 3292 5378 3352 5419; x_wconf 86' lang='lat' dir='ltr'><strong>ut</strong></span> <span class='ocrx_word' id='word_1_412' title='bbox 3386 5372 3507 5434; x_wconf 85' lang='lat' dir='ltr'><strong>quia</strong></span> <span class='ocrx_word' id='word_1_413' title='bbox 3542 5375 3632 5420; x_wconf 77' lang='lat' dir='ltr'><strong>cet.</strong></span> <span class='ocrx_word' id='word_1_414' title='bbox 3672 5371 3815 5430; x_wconf 71' lang='lat' dir='ltr'><strong>volyo</strong></span> 
     </span>
     <span class='ocr_line' id='line_1_49' title="bbox 625 5456 3879 5523; baseline -0.001 -18"><span class='ocrx_word' id='word_1_415' title='bbox 625 5460 789 5506; x_wconf 82' lang='lat' dir='ltr'><strong>re&#39;rum</strong></span> <span class='ocrx_word' id='word_1_416' title='bbox 830 5457 946 5518; x_wconf 86' lang='lat' dir='ltr'><strong>(om.</strong></span> <span class='ocrx_word' id='word_1_417' title='bbox 985 5462 1098 5519; x_wconf 85' lang='lat' dir='ltr'><strong>que)</strong></span> <span class='ocrx_word' id='word_1_418' title='bbox 1140 5459 1198 5508; x_wconf 77' lang='lat' dir='ltr'><em>M</em></span> <span class='ocrx_word' id='word_1_419' title='bbox 1430 5464 1463 5519; x_wconf 80' lang='grc'><em>8</em></span> <span class='ocrx_word' id='word_1_420' title='bbox 1504 5461 1720 5509; x_wconf 87' lang='lat' dir='ltr'><strong>adcirem</strong></span> <span class='ocrx_word' id='word_1_421' title='bbox 1758 5461 1819 5519; x_wconf 85' lang='grc' dir='ltr'><strong>Α,</strong></span> <span class='ocrx_word' id='word_1_422' title='bbox 1861 5462 2136 5523; x_wconf 85' lang='lat' dir='ltr'><strong>acciperem</strong></span> <span class='ocrx_word' id='word_1_423' title='bbox 2176 5477 2218 5509; x_wconf 89' lang='grc' dir='ltr'>ω</span> <span class='ocrx_word' id='word_1_424' title='bbox 2454 5461 2672 5509; x_wconf 84' lang='lat' dir='ltr'><strong>medicos</strong></span> <span class='ocrx_word' id='word_1_425' title='bbox 2717 5461 2757 5508; x_wconf 86' lang='lat' dir='ltr'><strong><em>V</em></strong></span> <span class='ocrx_word' id='word_1_426' title='bbox 2792 5460 2840 5522; x_wconf 85' lang='lat' dir='ltr'><strong>(d</strong></span> <span class='ocrx_word' id='word_1_427' title='bbox 2877 5475 2934 5507; x_wconf 71' lang='lat' dir='ltr'><strong>cx</strong></span> <span class='ocrx_word' id='word_1_428' title='bbox 2971 5474 2996 5507; x_wconf 87' lang='lat' dir='ltr'><strong>c</strong></span> <span class='ocrx_word' id='word_1_429' title='bbox 3032 5459 3109 5506; x_wconf 80' lang='lat' dir='ltr'><strong>vel</strong></span> <span class='ocrx_word' id='word_1_430' title='bbox 3145 5458 3182 5519; x_wconf 86' lang='lat' dir='ltr'><strong>t)</strong></span> <span class='ocrx_word' id='word_1_431' title='bbox 3422 5457 3453 5506; x_wconf 88' lang='lat'>9</span> <span class='ocrx_word' id='word_1_432' title='bbox 3490 5459 3633 5517; x_wconf 76' lang='lat' dir='ltr'><strong>gaius</strong></span> <span class='ocrx_word' id='word_1_433' title='bbox 3677 5456 3879 5517; x_wconf 77' lang='lat' dir='ltr'><strong><em>VAME,</em></strong></span> 
     </span>
     <span class='ocr_line' id='line_1_50' title="bbox 622 5530 3885 5643; baseline -0.001 -52"><span class='ocrx_word' id='word_1_434' title='bbox 622 5544 761 5592; x_wconf 78' lang='lat' dir='ltr'><strong>caius</strong></span> <span class='ocrx_word' id='word_1_435' title='bbox 795 5548 883 5592; x_wconf 71' lang='lat' dir='ltr'><strong>cet.</strong></span> <span class='ocrx_word' id='word_1_436' title='bbox 1089 5544 1195 5598; x_wconf 81' lang='lat' dir='ltr'><strong>dixi</strong></span> <span class='ocrx_word' id='word_1_437' title='bbox 1226 5578 1280 5643; x_wconf 58' lang='lat' dir='ltr'><strong>m,</strong></span> <span class='ocrx_word' id='word_1_438' title='bbox 1325 5569 1457 5627; x_wconf 55' lang='grc' dir='ltr'><strong>ἀίω</strong></span> <span class='ocrx_word' id='word_1_439' title='bbox 1509 5549 1552 5597; x_wconf 85' lang='lat' dir='ltr'><strong><em>V</em></strong></span> <span class='ocrx_word' id='word_1_440' title='bbox 1587 5547 1661 5607; x_wconf 87' lang='lat' dir='ltr'><strong>(co</strong></span> <span class='ocrx_word' id='word_1_441' title='bbox 1695 5543 1770 5593; x_wconf 79' lang='lat' dir='ltr'><strong>m²</strong></span> <span class='ocrx_word' id='word_1_442' title='bbox 1807 5550 1860 5594; x_wconf 82' lang='lat' dir='ltr'><strong>in</strong></span> <span class='ocrx_word' id='word_1_443' title='bbox 1893 5550 2015 5606; x_wconf 69' lang='lat' dir='ltr'><strong>ras.)</strong></span> <span class='ocrx_word' id='word_1_444' title='bbox 2063 5548 2102 5593; x_wconf 85' lang='grc' dir='ltr'><strong><em>Α</em></strong></span> <span class='ocrx_word' id='word_1_445' title='bbox 2319 5546 2381 5597; x_wconf 86' lang='grc'><strong>10</strong></span> <span class='ocrx_word' id='word_1_446' title='bbox 2418 5530 2586 5595; x_wconf 56' lang='lat' dir='ltr'><strong>nour?</strong></span> <span class='ocrx_word' id='word_1_447' title='bbox 2634 5547 2676 5595; x_wconf 83' lang='lat' dir='ltr'><strong><em>V</em></strong></span> <span class='ocrx_word' id='word_1_448' title='bbox 2716 5547 2753 5607; x_wconf 86' lang='lat' dir='ltr'><strong>(s</strong></span> <span class='ocrx_word' id='word_1_449' title='bbox 2777 5542 2866 5606; x_wconf 76' lang='lat' dir='ltr'><strong>m2)</strong></span> <span class='ocrx_word' id='word_1_450' title='bbox 3081 5547 3197 5606; x_wconf 84' lang='lat' dir='ltr'><strong>quis</strong></span> <span class='ocrx_word' id='word_1_451' title='bbox 3234 5550 3436 5607; x_wconf 82' lang='lat' dir='ltr'><strong>asperet</strong></span> <span class='ocrx_word' id='word_1_452' title='bbox 3463 5544 3521 5604; x_wconf 90' lang='grc' dir='ltr'><strong><em>Τ,</em></strong></span> <span class='ocrx_word' id='word_1_453' title='bbox 3564 5545 3678 5604; x_wconf 81' lang='lat' dir='ltr'><strong>quis</strong></span> <span class='ocrx_word' id='word_1_454' title='bbox 3716 5557 3885 5603; x_wconf 88' lang='lat' dir='ltr'><strong>asper-</strong></span> 
     </span>
    </p>
   </div>
   <div class='ocr_carea' id='block_1_12' title="bbox 624 5627 1478 5739">
    <p class='ocr_par' dir='ltr' id='par_1_14' title="bbox 624 5627 1478 5739">
     <span class='ocr_line' id='line_1_51' title="bbox 624 5627 1478 5739; baseline 0.001 -63"><span class='ocrx_word' id='word_1_455' title='bbox 624 5634 728 5677; x_wconf 89' lang='lat' dir='ltr'><strong>tum</strong></span> <span class='ocrx_word' id='word_1_456' title='bbox 769 5627 826 5675; x_wconf 76' lang='lat' dir='ltr'><em>M</em></span> <span class='ocrx_word' id='word_1_457' title='bbox 1021 5628 1194 5714; x_wconf 66' lang='lat' dir='ltr'><strong>dicere]</strong></span> <span class='ocrx_word' id='word_1_458' title='bbox 1222 5662 1360 5739; x_wconf 47' lang='lat' dir='ltr'><strong><em>dicet</em></strong></span> <span class='ocrx_word' id='word_1_459' title='bbox 1407 5638 1478 5701; x_wconf 66' lang='grc' dir='ltr'><em>Μ</em></span> 
     </span>
    </p>
   </div>
  </div>
 </body>
</html>
