4630 6435
1927 460 2352 516 EPHEMERIS
2391 460 2557 521 (11113.
3828 463 3866 519 5

1149 674 1175 709 5
1280 670 1401 715 nec
1445 670 1626 715 mens
1673 650 1989 733 conplecti
2036 649 2268 734 poterit
2311 669 2432 715 nec
2475 649 2701 733 lingua
2745 649 3014 734 profari:

1282 774 1541 818 cernere
1586 773 1777 836 quem
1824 753 2001 817 solus
2047 772 2389 835 coramque
2434 752 2660 818 audire
2704 753 3031 819 iubentem

1280 857 1381 921 fas
1427 856 1623 922 habet
1668 862 1733 921 et
1776 855 2049 940 patriam
2097 862 2360 940 propter
2404 856 2739 922 considere
2784 855 3076 921 dextram

1276 960 1418 1044 ipse
1464 960 1683 1045 opifex
1728 980 1973 1038 rerum,
2030 960 2222 1025 rebus
2269 980 2469 1025 causa
2511 961 2652 1044 ipsc
2701 959 3030 1039 creandis,

1279 1064 1421 1147 ipse
1467 1063 1574 1129 dei
1619 1063 1917 1142 verbum,
1973 1063 2240 1129 verbum
2287 1063 2479 1141 deus,
2535 1062 2918 1147 anticipator

1117 1188 1171 1227 ιο
1279 1166 1535 1248 mundi,
1588 1187 1779 1250 quem
1827 1167 2115 1231 facturus
2162 1174 2332 1233 erat:
2387 1174 2734 1249 generatus
2776 1167 2844 1231 in
2888 1168 3002 1234 illo

1277 1277 1597 1354 tempore,
1653 1290 1778 1352 quo
1823 1276 2079 1354 tempus
2123 1268 2404 1334 nondum
2452 1270 2605 1335 fuit:
2659 1269 2869 1336 editus
2915 1278 3065 1337 ante

1279 1393 1471 1455 quam
1515 1373 1701 1439 iubar
1744 1380 1811 1439 et
1852 1373 2083 1438 rutilus
2129 1374 2379 1438 caelum
2425 1372 2795 1438 inlustraret
2839 1374 3049 1448 Eous:

1279 1496 1404 1560 quo
1450 1476 1588 1541 sine
1633 1476 1723 1542 nil
1769 1482 2016 1556 actum,
2072 1496 2188 1561 per
2231 1497 2421 1560 quem
2469 1476 2643 1541 facta
2687 1476 2936 1541 omnia:
2991 1477 3174 1544 cuius

1279 1579 1344 1643 in
1390 1580 1570 1644 caelo
1616 1580 1876 1657 solium,
1933 1578 2036 1644 cui
2080 1578 2342 1644 subdita
2384 1586 2557 1644 terra
2602 1578 2852 1645 sedenti

1116 1703 1172 1742 15
1279 1690 1343 1748 et
1387 1704 1562 1749 mare
1608 1690 1673 1748 et
1717 1683 2027 1748 obscurae
2072 1682 2269 1749 chaos
2313 1682 2756 1767 insuperabile
2802 1683 3038 1749 noctis:

1279 1786 1638 1868 inrequies,
1696 1794 1925 1853 cuncta
1968 1787 2108 1871 ipse
2155 1807 2455 1867 movens,
2508 1793 2843 1870 vegetator
2886 1786 3196 1852 inertum:

1279 1909 1407 1954 non
1452 1889 1669 1971 genito
1714 1889 2002 1973 genitore
2047 1890 2243 1971 deus,
2296 1890 2408 1973 qui
2454 1889 2679 1956 fraude
2726 1889 2985 1974 superbi

1278 1993 1560 2058 offensus
1606 1994 1826 2077 popuii
1870 2000 2099 2076 gentes
2146 1994 2212 2059 in
2256 2013 2460 2076 regna
2505 1994 2792 2073 vocavit,

1280 2096 1497 2181 stirpis
1539 2096 1886 2181 adoptivae
1933 2096 2195 2161 meliore
2242 2116 2529 2180 propage
2576 2095 2913 2162 colendus:

1112 2218 1171 2259 20
1280 2219 1540 2264 cernere
1585 2220 1776 2281 quem
1826 2199 2006 2264 licuit
2053 2199 2351 2282 proavis,
2403 2219 2528 2282 quo
2573 2199 2834 2265 numine
2880 2199 3018 2264 viso

1280 2310 1342 2367 et
1386 2308 1635 2386 patrem
1682 2301 1926 2367 vidisse
1973 2302 2228 2367 datum:
2286 2302 2588 2385 contagia
2631 2309 2852 2367 nostra

1280 2406 1388 2488 qui
1434 2405 1579 2470 tulit
1622 2412 1687 2470 et
1733 2405 1858 2470 diri
1905 2425 2137 2489 passus
2181 2404 2464 2470 ludibria
2508 2405 2620 2471 leti

1278 2528 1423 2575 esse
1468 2509 1591 2574 iter
1635 2515 1936 2574 aeternae
1983 2508 2198 2574 docuit
2242 2510 2594 2575 remeabile
2640 2510 2848 2575 vitae:

1278 2632 1395 2678 nec
1439 2613 1645 2678 solam
1691 2632 1978 2677 remeare
2025 2611 2307 2677 animam
2328 2663 2342 2691 ‚
2398 2612 2518 2678 sed
2563 2633 2822 2697 corpore
2869 2619 3001 2679 toto

1109 2736 1169 2775 25
1279 2716 1594 2781 caelestes
1642 2715 1878 2781 intrare
1925 2714 2157 2799 plagas
2203 2722 2267 2780 et
2311 2715 2521 2780 inane'
2554 2715 2838 2800 sepulcri

1276 2838 1582 2883 arcanum
1626 2817 1849 2883 vacuis
1895 2817 2275 2902 adopertum
2321 2818 2610 2901 linquere
2655 2818 2864 2883 terris.

1448 2921 1618 2986 Nate
1663 2920 1864 3005 patris
1910 2920 2142 2986 summi
2187 2928 2534 3003 nostroque
2581 2920 2878 2986 salutifer
2921 2941 3117 2999 aevo,

1277 3024 1545 3089 virtutes
1590 3023 1838 3107 patrias
1885 3023 2142 3105 genitor
2189 3023 2291 3089 cui
2337 3023 2602 3090 tradidit
2645 3044 2897 3104 omneS,

1278 3127 1367 3191 nii
1417 3148 1496 3193 ex
1541 3125 1790 3192 invidia
1835 3127 2119 3192 retinens
2166 3128 2524 3211 plenusque
2569 3126 2897 3206 datorum,

1110 3253 1169 3292 ιιι»
1276 3230 1490 3316 pande
1536 3230 1709 3295 viam
1755 3231 2059 3315 precibus
2107 3231 2479 3315 patriasque
2527 3232 2688 3296 haec
2733 3231 2948 3316 perfer
2990 3232 3077 3298 ad
3119 3252 3334 3298 aures.

1449 3334 1583 3414 Da,
1641 3339 1854 3418 pater,
1912 3333 2215 3399 invictam
2262 3340 2485 3400 contra
2528 3334 2743 3399 omnia
2786 3334 3055 3402 crimina
3101 3343 3379 3402 mentem

1278 3438 1735 3523 vipereumque
1780 3436 1968 3503 nefas
2012 3437 2285 3502 nocituri
2330 3445 2550 3503 averte
2596 3437 2849 3503 veneni.

1280 3542 1363 3607 sit
1407 3540 1599 3619 satis,
1654 3540 1984 3623 antiquam
2031 3559 2299 3625 serpens
2346 3540 2514 3623 quod
2563 3541 2843 3625 perdidit
2887 3542 3093 3607 Evam

1278 3644 1745 3728 deceptumque
1791 3643 2087 3709 adiunxit
2130 3645 2373 3709 Adam:
2430 3663 2547 3708 nos
2594 3663 2741 3709 sera
2783 3651 3086 3728 nepotum

1111 3772 1170 3809 35
1280 3748 1561 3828 semina,
1614 3747 1919 3813 veridicis
1965 3747 2117 3812 olim
2165 3746 2499 3831 praedicta
2543 3745 2904 3831 prophetis,

1278 3851 1553 3916 vitemus
1600 3851 1900 3933 laqueos,
1957 3869 2118 3933 quos
2165 3849 2381 3915 letifer
2423 3849 2693 3933 inplicat
2735 3850 2990 3933 anguis.

1279 3952 1492 4038 pande
1537 3954 1739 4032 viam,
1798 3973 1964 4035 quae
2010 3973 2111 4018 me
2156 3959 2301 4038 post
2348 3953 2607 4017 vincula
2652 3953 2934 4037 corporis
2978 3953 3158 4037 aegri
3207 4011 3214 4026 x

1277 4057 1343 4121 in
1390 4057 1665 4122 sublime
1713 4056 1912 4139 ferat,
1967 4056 2110 4141 puri
2157 4077 2287 4139 qua
2332 4057 2543 4122 lactea
2586 4055 2754 4121 caeli

787 4275 816 4322 5
844 4275 1041 4324 Paulin.
1070 4275 1153 4334 33,
1186 4274 1243 4322 16
1270 4289 1397 4337 quae
1422 4288 1515 4322 nec
1542 4288 1682 4322 mens
1704 4273 1920 4321 humana
1938 4274 2075 4335 capit
2093 4287 2187 4321 nec
2206 4275 2377 4332 lingua
2397 4276 2581 4336 profari
2722 4275 2753 4322 9
2781 4275 2874 4325 Ev.
2903 4276 3076 4323 Ioann.
3110 4275 3157 4335 1,
3185 4274 3203 4322 1
3357 4274 3417 4322 13
3445 4277 3534 4324 Ev.
3560 4276 3731 4323 lomn.
3766 4276 3808 4337 1,
3834 4277 3865 4322 3

615 4360 672 4408 14
713 4361 802 4409 Ev.
846 4361 1028 4410 Matth.
1069 4361 1118 4421 5,
1162 4359 1226 4409 34
1254 4376 1326 4422 sq.
1371 4375 1536 4422 neque
1574 4374 1662 4422 per
1698 4361 1909 4420 caelum,
1951 4361 2073 4422 quia
2106 4360 2315 4407 thronus
2352 4360 2437 4408 dei
2471 4367 2569 4419 est,
2612 4374 2775 4422 neque
2812 4375 2903 4422 per
2939 4366 3152 4421 terram,
3195 4363 3314 4422 quia
3351 4362 3624 4408 scabellum
3662 4367 3741 4409 est
3776 4375 3866 4422 pe-

607 4446 726 4492 dum
760 4448 871 4494 eins
1087 4446 1148 4494 18
1186 4447 1329 4496 Paul.
1360 4447 1420 4494 ad
1447 4447 1585 4495 Rom.
1616 4445 1669 4506 9,
1696 4445 1856 4508 9sqq.
2088 4444 2148 4493 19
2185 4446 2308 4494 ibid.
2345 4445 2426 4508 11,
2462 4445 2521 4494 17
2544 4461 2618 4507 sq.
2844 4446 2910 4495 20
2931 4461 3008 4508 sq.
3051 4447 3144 4494 Ev.
3188 4448 3359 4495 loann.
3409 4445 3487 4506 14,
3529 4446 3561 4495 9
3599 4449 3688 4509 qui
3727 4448 3864 4496 videt

610 4545 704 4591 me,
745 4533 885 4580 videt
918 4538 972 4580 et
996 4538 1186 4594 patrem
1397 4532 1454 4581 :31
1498 4533 1713 4580 Pauliin.
1746 4532 1869 4580 Pell.
1900 4545 2045 4581 carm.
2078 4531 2223 4580 euch.
2255 4530 2356 4580 602
2394 4532 2457 4579 da
2492 4545 2662 4593 precor
2698 4533 2997 4594 intrepidam
3036 4537 3207 4581 contra
3240 4534 3408 4580 omnia
3444 4533 3608 4580 tristia
3645 4539 3864 4581 mentem

777 4730 807 4776 5
844 4729 1105 4791 complecti
1133 4730 1384 4791 (completi
1414 4731 1467 4790 T)
1508 4728 1587 4777 Cw
1776 4730 1809 4778 6
1846 4734 2116 4791 contraque
2147 4731 2187 4776 C
2373 4730 2400 4776 7
2442 4731 2646 4791 propius
2681 4730 2722 4776 Τ
2892 4730 3147 4778 dexteram
3177 4731 3218 4777 C
3388 4746 3466 4780 vv.
3500 4728 3668 4778 8—16
3702 4731 3859 4791 (incl.)

604 4830 700 4863 om.
730 4832 771 4863 ω
967 4815 998 4864 8
1036 4830 1185 4863 causa
1220 4816 1302 4876 ipe
1332 4817 1372 4862 C
1553 4816 1585 4865 9
1624 4817 1833 4863 uerbum
1870 4820 1988 4863 ante
2024 4816 2151 4864 deus
2187 4829 2283 4864 om.
2317 4816 2380 4863 Π
2546 4817 2856 4878 antecipator
2888 4816 2928 4861 C
2952 4815 2996 4877 (e
3021 4818 3075 4862 in
3099 4818 3118 4863 i
3144 4817 3288 4877 mut.)
3481 4815 3536 4864 11
3569 4822 3790 4877 tempore
3827 4819 3866 4864 V

606 4897 693 4958 (m2
727 4903 781 4948 in
815 4903 933 4960 ras.)
1163 4901 1328 4949 editur
1373 4903 1426 4963 V,
1468 4903 1672 4951 edcitus
1710 4902 1787 4962 Π,
1826 4901 2023 4950 aeditus
2064 4903 2104 4949 C
2335 4900 2396 4949 12
2435 4902 2708 4950 illustraret
2748 4902 2789 4947 C
3017 4900 3078 4948 13
3116 4878 3221 4949 sine
3263 4902 3333 4956 (in
3372 4900 3463 4962 m‘2)
3507 4903 3577 4949 nii
3616 4909 3781 4950 actum
3827 4904 3867 4948 V

611 4988 697 5046 (nil
723 5001 779 5034 ac
802 4984 878 5033 m2
903 4990 957 5034 in
981 4987 1105 5046 ms.)
1304 4986 1362 5035 14
1400 4987 1601 5037 sedenti
1630 4969 1669 5034 133
1698 4987 1763 5035 Π
1949 4987 2008 5035 15
2046 4987 2192 5035 cahos
2224 4988 2264 5032 V
2430 4993 2542 5048 post
2567 4989 2727 5036 noctis
2754 4990 2808 5035 in
2834 4988 2898 5035 Π
2914 4989 3137 5048 irequies
3161 5002 3287 5035 eras.
3486 4986 3547 5035 16
3584 4989 3779 5036 cunctis
3806 4989 3869 5036 Π

610 5070 667 5118 17
705 5073 931 5135 genitore
968 5073 1191 5130 genitore
1223 5073 1264 5118 T
1456 5072 1517 5121 18
1554 5087 1705 5132 regno
1734 5074 1791 5120 II
1986 5072 2047 5121 19
2083 5074 2272 5135 styrpis
2300 5073 2364 5120 Π
2549 5073 2785 5135 adobtiue
2821 5074 2860 5119 V
2892 5075 2938 5134 (b
2963 5069 3036 5120 m2
3060 5075 3114 5121 in
3135 5074 3254 5135 ras.)
3461 5073 3527 5121 2⁰
3565 5075 3765 5121 nomino
3797 5073 3856 5130 Τ,

605 5153 814 5207 nomine
851 5159 869 5205 l
1077 5157 1138 5206 21
1180 5158 1353 5206 datum
1393 5159 1432 5203 V
1463 5159 1625 5221 (datur
1660 5157 1747 5218 m2)
1966 5158 2032 5206 22
2070 5159 2175 5206 dira
2211 5173 2402 5222 pasuus
2440 5159 2505 5206 Π
2537 5160 2590 5220 (u
2624 5174 2702 5219 pr.
2745 5162 2799 5206 in
2835 5174 2858 5207 s
2893 5163 3019 5207 mut.
3051 5157 3143 5219 m‘l)
3356 5159 3475 5206 laeti
3511 5157 3622 5221 m,
3664 5160 3782 5207 loeti
3827 5162 3867 5207 C

602 5242 668 5291 23
706 5244 836 5290 ister
869 5243 909 5288 V
931 5245 979 5298 (n
1004 5245 1150 5300 ema.)
1364 5241 1482 5309 iter]
1517 5250 1571 5292 et
1596 5245 1659 5292 Π
1827 5245 1935 5292 uita
1962 5244 2025 5291 Π
2193 5248 2248 5292 in
2270 5261 2350 5294 vv.
2383 5247 2587 5292 24—29
2612 5246 2805 5292 ultimis
2829 5248 3074 5305 scriptura
3098 5244 3308 5293 evanida
3335 5247 3390 5294 in
3423 5246 3462 5291 V
3483 5243 3667 5303 resecta
3690 5250 3762 5292 cst
3785 5243 3860 5292 ιη’·Ξ

603 5329 666 5378 24
702 5329 864 5377 solum
906 5329 983 5376 Π-
1265 5329 1329 5378 25
1367 5331 1723 5391 intrarepiagas
1771 5331 1810 5376 V
1850 5331 1953 5390 (rep
1990 5328 2065 5375 m2
2100 5333 2154 5377 in
2187 5332 2312 5392 ms.)
2629 5331 2884 5393 sepulchri
2923 5329 3103 5380 ΠΟΤλ
3418 5330 3484 5380 26
3521 5328 3782 5381 ιτοὶιιυᾶω
3824 5333 3864 5377 C

603 5415 668 5464 28
705 5417 816 5464 offis
854 5415 970 5476 ΠΤ,
1011 5416 1174 5465 omnic
1209 5433 1261 5480 χ,
1304 5429 1478 5465 omnes
1513 5421 1601 5464 cet.
1851 5415 1916 5463 29
1955 5416 2082 5463 nihil
2120 5416 2187 5464 Π
2411 5418 2477 5465 30
2515 5417 2635 5465 haec
2670 5432 2763 5465 om.
2810 5417 2873 5464 Π
3074 5418 3214 5465 defer
3260 5418 3300 5464 T
3505 5422 3559 5465 at
3603 5418 3642 5463 V
3681 5416 3726 5476 (d
3761 5414 3848 5477 111²)

602 5501 666 5549 32
703 5516 802 5562 que
826 5516 923 5549 om.
960 5501 1021 5548 Π
1207 5509 1437 5549 auertere
1461 5503 1584 5549 ueni
1611 5502 1674 5549 Π
1843 5492 2019 5564 ευοξῑο
2050 5503 2089 5547 C
2294 5502 2361 5550 33
2398 5505 2638 5564 antiquus
2662 5503 2776 5551 Bou
2808 5502 2892 5561 (cf.
2922 5503 3074 5563 Apoc.
3109 5503 3212 5550 XII
3238 5507 3268 5552 9
3293 5516 3501 5564 serpens
3527 5502 3783 5563 antiquus)

602 5587 818 5647 prodidit
855 5587 1001 5635 11οω
1211 5578 1417 5635 aeu'am
1470 5588 1525 5648 V,
1563 5602 1737 5635 aenam
1776 5591 1816 5634 C
2058 5588 2123 5636 34
2161 5588 2416 5637 adiuncsit
2459 5589 2511 5648 V,
2553 5590 2726 5636 infecit
2767 5591 2806 5635 C
3011 5601 3239 5649 separare
3275 5593 3398 5651 potu
3435 5589 3502 5636 Π
3702 5602 3859 5652 nepo·

601 5679 703 5720 tam
746 5672 787 5718 T
829 5675 930 5730 (um
966 5677 1113 5732 corr.)
1366 5673 1430 5721 35
1468 5674 1717 5721 neredicis
1756 5674 1815 5721 II
2056 5675 2174 5722 olim
2221 5674 2275 5734 V,
2317 5680 2453 5723 aetas
2491 5674 2636 5722 1100»
2883 5674 3097 5735 profetis
3144 5675 3183 5720 V
3455 5673 3520 5721 36
3558 5674 3758 5722 loetifer-
3798 5675 3851 5732 C,

602 5757 800 5805 laetifer
831 5756 923 5816 Τλ,
966 5757 1042 5805 leo
1078 5759 1154 5805 ser
1183 5758 1246 5807 Π
1447 5759 1668 5820 implicat
1709 5759 1850 5809 HCw
2066 5758 2126 5806 37
2167 5774 2265 5821 qua
2294 5761 2378 5809 Cro
2589 5758 2654 5809 38
2691 5760 2822 5808 ferat
2855 5760 2912 5820 V,
2950 5761 3056 5806 sera
3093 5760 3171 5820 Π,
3211 5761 3337 5808 ferar
3379 5760 3530 5818 Tmu,
3570 5762 3723 5808 seram
3761 5764 3849 5809 cet.
