4630 6435
1685 430 1963 485 CVPIDO
2001 431 2434 486 CRVCIATVS
2477 432 2764 495 (XXIIII).
3736 436 3857 498 123

1272 618 1564 701 coniugis
1611 619 1803 702 haec,
1858 620 2019 686 haec
2063 621 2266 706 patris
2312 629 2379 687 et
2421 622 2584 688 haec
2627 623 2792 705 gerit
2836 622 3105 706 hospitis
3150 642 3394 687 ensem.

1099 742 1162 781 κιο
1270 730 1441 787 errat
1484 730 1550 788 et
1591 723 1769 807 ipsa,
1823 724 1974 789 olim
2022 726 2234 808 qualis
2281 747 2399 810 per
2444 726 2696 792 Latmia
2741 745 2900 791 saxa

1270 826 1747 909 Endymioneos
1794 828 1983 893 solita
2027 828 2331 895 affectare
2377 851 2639 914 sopores

1270 950 1411 994 cum
1458 929 1601 996 face
1649 938 1713 995 et
1758 932 2073 1015 astrigero
2118 933 2486 999 diademate
2534 934 2715 998 Luna
2759 934 3061 1001 bicornis.

1270 1039 1526 1097 centum
1570 1034 1741 1099 aliae
1788 1042 2072 1100 veterum
2120 1037 2477 1102 recolentes
2525 1038 2796 1102 vulnera
2837 1057 3124 1101 amorum

1271 1134 1566 1201 dulcibus
1613 1144 1677 1202 et
1721 1138 1987 1203 maestis
2035 1139 2329 1204 refovent
2371 1147 2686 1206 tormenta
2731 1140 3058 1223 querellis.

1104 1255 1165 1297 ⁴5
1269 1259 1430 1321 quas
1475 1239 1642 1306 inter
1685 1241 1933 1306 medias
1979 1242 2204 1308 furvae
2252 1242 2551 1326 caliginis
2597 1243 2886 1309 umbram

1273 1342 1541 1427 dispulit
1584 1343 1983 1411 inconsultus
2028 1347 2224 1411 Amor
2270 1347 2689 1412 stridentibus
2734 1347 2880 1411 alis.

1272 1467 1595 1529 agnovere
1642 1468 1862 1512 omnes
1908 1470 2175 1533 puerum
2222 1452 2614 1533 memorique
2660 1469 2920 1516 recursu

1271 1570 1665 1615 communem
1716 1570 1973 1617 sensere
2021 1573 2231 1633 reum,
2286 1575 2673 1637 quamquam
2721 1552 2942 1618 umida
2989 1555 3224 1621 circum

1271 1654 1492 1718 nubila
1538 1661 1602 1719 et
1644 1656 1887 1721 auratis
1934 1654 2253 1738 fulgentia
2299 1658 2561 1740 cingula
2608 1657 2800 1722 bullis

1107 1775 1165 1815 ⁵0
1272 1762 1336 1820 et
1382 1755 1745 1840 pharetram
1792 1763 1857 1822 et
1899 1757 2130 1823 rutilae
2177 1758 2504 1825 fuscarent
2548 1759 2886 1845 lampados
2932 1761 3180 1843 ignem:

1270 1868 1628 1942 agnoscunt
1673 1868 1890 1925 tamen
1938 1868 2002 1926 et
2048 1883 2283 1927 vanum
2329 1863 2582 1928 vibrare
2628 1863 2914 1946 vigorem

1271 1963 1591 2047 occipiunt
1632 1965 2011 2046 hostemque
2059 1986 2253 2030 unum
2299 1967 2442 2030 loca
2487 1986 2614 2031 non
2659 1985 2778 2032 sua
2820 1972 3114 2048 nactum,

1272 2088 1411 2132 cum
1459 2067 1678 2152 pigros
1723 2074 1946 2151 ageret
1989 2069 2191 2133 densa
2237 2070 2357 2134 sub
2406 2075 2590 2134 nocte
2640 2070 2923 2151 volatus,

1271 2170 1444 2236 facta
1485 2172 1653 2236 nube
1700 2178 2016 2255 premunt.
2110 2172 2534 2255 trepidantem
2582 2180 2648 2238 et
2691 2193 2880 2238 cassa
2924 2180 3255 2257 parantem

1108 2293 1169 2332 55
1272 2273 1553 2356 suffugia
1596 2273 1665 2337 in
1710 2281 1957 2338 coetum
2003 2274 2257 2340 mediae
2302 2281 2556 2341 traxere
2603 2283 2925 2341 catervae.

1272 2377 1532 2459 eligitur
1573 2383 1818 2442 maesto
1865 2384 2112 2461 myrtus
2156 2377 2494 2444 notissima
2538 2379 2714 2451 luco,

1271 2480 1594 2545 invidiosa
1638 2480 1829 2545 deum
1876 2480 2124 2564 poenis.
2220 2481 2618 2546 cruciaverat
2661 2480 2799 2547 illic

1274 2592 1490 2669 spreta
1535 2584 1685 2649 olim
1732 2603 2076 2649 memorem
2121 2586 2392 2650 Veneris
2438 2586 2825 2670 Proserpina
2868 2585 3165 2651 Adonim.

1276 2688 1461 2753 huius
1507 2687 1574 2752 in
1618 2689 1878 2753 excelso
1925 2707 2307 2771 suspensum
2356 2688 2576 2773 stipite
2623 2690 2918 2755 Amorem

1105 2809 1164 2849 oo
1274 2791 1637 2856 devinctum
1685 2798 1829 2876 post
1871 2797 2057 2874 terga
2102 2811 2332 2857 manus
2379 2791 2849 2874 substrictaque
2895 2793 3135 2876 plantis

1276 2894 1536 2961 vincula
1582 2901 1974 2959 maerentem
2020 2895 2196 2959 nullo
2242 2894 2679 2960 moderamine
2724 2916 2972 2980 poenae

1275 2998 1586 3063 afficiunt.
1681 3017 1831 3062 reus
1878 3004 1975 3062 est
2020 2998 2158 3063 sine
2205 2997 2506 3078 crimine,
2561 2997 2769 3063 iudice
2816 3000 2995 3064 nullo

1275 3108 1613 3167 accusatur
1660 3102 1872 3165 Amor.
1969 3120 2040 3166 se
2086 3101 2357 3183 quisque
2403 3101 2739 3166 absolvere
2785 3101 3018 3185 gestit,

1273 3205 1620 3272 transferat
1662 3211 1732 3270 ut
1774 3204 2069 3289 proprias
2114 3204 2328 3271 aliena
2374 3204 2440 3269 in
2486 3204 2751 3270 crimina
2797 3206 3044 3290 culpas.

1105 3329 1165 3370 65
1273 3318 1541 3378 cunctae
1589 3309 2049 3394 exprobrantes
2094 3309 2347 3375 tolerati
2393 3309 2674 3392 insignia
2719 3309 2832 3374 leti

1275 3413 1659 3498 expediunt:
1716 3412 1876 3477 haec
1922 3433 2102 3477 arma
2147 3419 2404 3495 putant⁷
2457 3413 2619 3477 haec
2667 3412 2822 3477 ultio
2870 3411 3116 3492 dulcis,

1276 3524 1344 3581 ut
1389 3535 1512 3598 quo
1558 3535 1851 3598 quaeque
1897 3515 2063 3598 perit
2108 3513 2364 3579 studeat
2410 3514 2637 3599 punire
2683 3514 2921 3579 dolore.

1272 3620 1435 3683 haec
1479 3619 1779 3700 laqueum
1827 3623 2028 3697 tenet,
2084 3617 2246 3682 haec
2294 3617 2578 3701 speciem
2624 3617 2945 3682 mucronis
2988 3617 3247 3682 inanem

1276 3722 1545 3806 ingerit,
1602 3722 1717 3785 illa
1762 3740 1955 3785 cavos
2002 3741 2224 3785 amnes
2270 3740 2620 3804 rupemque
2666 3719 2991 3802 fragosam

1108 3845 1168 3886 το
1275 3827 1614 3908 insanique
1660 3833 1893 3890 metum
1944 3824 2163 3909 pelagi
2209 3831 2273 3889 et
2319 3823 2457 3889 sine
2503 3823 2803 3889 fluctibus
2848 3843 3110 3906 aequor.

1276 3931 1623 3997 nonnullae
1668 3928 1962 3993 flammas
2007 3928 2303 4012 quatiunt
2348 3927 2764 4012 trepidaeque
2811 3927 3133 3992 minantur

1278 4033 1623 4099 stridentes
1668 4034 1845 4097 nullo
1889 4033 2041 4115 igne
2089 4031 2286 4097 faces.
2380 4031 2689 4096 rescindit
2733 4030 3023 4096 adultum

1277 4136 1540 4221 Myrrha
1584 4142 1833 4201 uterum
1879 4134 2162 4200 lacrimis
2206 4134 2571 4200 lucentibus
2616 4134 2809 4215 inque
2854 4139 3198 4218 paventem

783 4483 849 4533 46
904 4484 1049 4544 Verg.
1092 4486 1222 4533 Aen.
1265 4485 1286 4532 1
1326 4483 1422 4532 397
1476 4483 1807 4531 stridentibus
1857 4483 1952 4530 alis
2252 4479 2319 4529 48
2375 4481 2526 4540 Verg.
2569 4481 2697 4528 Aen.
2739 4481 2786 4527 11
2833 4479 2933 4528 605
2957 4493 3035 4541 aq.
3087 4480 3255 4526 umida
3305 4481 3489 4528 circum
3528 4514 3541 4528 .
3577 4515 3589 4528 .
3621 4515 3634 4528 .
3677 4482 3865 4528 nubem

613 4569 680 4617 49
717 4571 868 4630 Verg.
899 4572 1029 4620 Aen.
1063 4570 1339 4619 vl111359
1366 4585 1440 4632 sq.
1470 4585 1620 4618 aurea
1659 4571 1808 4616 bullis
1845 4569 2071 4629 cingula;
2114 4567 2183 4627 cf.
2215 4568 2462 4616 Prudent.
2493 4567 2669 4624 Psych.
2714 4565 2815 4614 475
3027 4564 3093 4614 54
3133 4568 3282 4625 vorg.
3310 4568 3442 4614 Aen.
3471 4566 3570 4613 XII
3605 4565 3704 4614 254
3741 4567 3873 4614 sacta

612 4658 745 4705 nube
780 4664 1016 4719 premunt
1225 4656 1291 4704 60
1331 4657 1475 4716 Verg.
1521 4657 1650 4704 Aen.
1694 4656 1740 4702 11
1778 4654 1842 4703 57
1884 4669 2061 4703 manus
2103 4691 2113 4702 .
2146 4690 2159 4703 .
2196 4690 2206 4702 .
2249 4659 2362 4715 post
2398 4659 2535 4713 terga
2571 4654 2851 4700 revinctum
2897 4651 2984 4711 (cs.
3025 4652 3154 4700 Aen.
3199 4652 3269 4698 XI
3310 4651 3394 4712 81)

781 4967 846 5018 39
885 4963 959 5032 et]
995 4974 1045 5014 at
1072 4966 1337 5016 Markland
1548 4966 1615 5014 40
1649 4967 1855 5014 lathmia
1888 4965 1929 5012 T
2135 4963 2194 5012 41
2237 4964 2580 5012 endimioneos
2610 4959 2684 5010 T).
2893 4961 3052 5009 oblita
3080 4961 3120 5007 T
3331 4969 3584 5022 aspectare
3613 4960 3862 5007 Baehrcm

616 5052 680 5101 42
717 5055 1009 5113 dyademate
1053 5056 1163 5114 (om.
1210 5055 1368 5116 Luna)
1413 5053 1441 5103 λ
1678 5053 1742 5101 43
1780 5058 1981 5101 ueteres
2024 5051 2064 5097 T
2297 5050 2363 5098 44
2400 5051 2604 5098 moestis
2647 5046 2715 5097 Τλ
2925 5047 3079 5109 ἳῖῐθΙίε
3124 5045 3192 5096 T).
3439 5046 3502 5094 45
3541 5046 3791 5105 calliginis
3835 5045 3876 5091 T

614 5139 678 5188 48
715 5154 998 5203 quanquam
1036 5138 1065 5189 λ
1342 5142 1548 5190 humida
1586 5157 1628 5190 ω
1907 5138 1973 5187 49
2012 5144 2210 5186 auratas
2252 5175 2262 5186 .
2295 5174 2306 5185 .
2339 5174 2351 5186 .
2391 5137 2554 5184 bullas
2591 5151 2653 5196 ω,
2695 5149 2817 5184 corr.
2860 5136 3134 5183 Scriverius
3412 5132 3478 5181 50
3515 5134 3717 5180 rutilem
3762 5132 3804 5178 T

616 5229 845 5287 fugarent
872 5242 936 5289 ω,
979 5229 1232 5276 fuscarent
1263 5227 1352 5288 Uq,
1566 5227 1623 5274 51
1670 5227 1937 5288 ignoscunt
1966 5225 2007 5271 Τ
2220 5224 2280 5272 54
2325 5225 2455 5270 foeta
2487 5222 2527 5268 Τ
2737 5221 2801 5269 55
2839 5227 3001 5269 cetum
3031 5221 3089 5280 T,
3117 5224 3309 5266 certum
3338 5217 3366 5267 λ
3579 5219 3644 5268 56
3682 5225 3870 5266 moesto

619 5312 688 5362 Ta
901 5314 1128 5371 myrthus
1171 5315 1211 5360 T
1421 5312 1486 5360 58
1525 5313 1761 5361 nueneris
1807 5313 1847 5358 T
1888 5313 1934 5372 (n
1970 5327 2050 5372 pr.
2080 5311 2201 5371 del.,
2243 5325 2266 5358 s
2291 5325 2350 5356 ex
2374 5310 2520 5368 corr.)
2737 5308 2884 5354 adoni
2928 5303 3100 5367 T299²‚
3142 5306 3340 5353 adonim
3379 5305 3457 5351 vE
3663 5304 3726 5353 59
3764 5311 3870 5363 sty-

612 5403 712 5462 pite
751 5399 781 5449 λ
822 5403 870 5462 (y
905 5396 995 5462 m2)
1247 5400 1305 5449 61
1350 5406 1652 5448 moerentem
1696 5397 1769 5447 Τλ
2002 5397 2067 5447 62
2105 5398 2321 5456 affigunt
2358 5395 2629 5442 Scriverius
2666 5394 2821 5441 Barth
2856 5394 2995 5453 volyo
3229 5391 3294 5440 63
3333 5398 3584 5439 accusator
3625 5391 3682 5452 T,
3726 5404 3871 5438 accu-

615 5493 751 5535 satus
788 5491 899 5544 eet..
941 5500 1061 5536 corr.
1106 5487 1357 5536 Baehrens
1611 5488 1878 5548 quisquam
1916 5485 2111 5532 soluere
2156 5483 2197 5529 T
2462 5481 2525 5530 64
2565 5480 2808 5528 trauserat
2843 5476 2872 5527 λ
3141 5477 3207 5526 66
3245 5483 3475 5539 putarma
3515 5477 3557 5523 T
3599 5478 3709 5539 (put
3743 5473 3865 5536 del.)

612 5575 675 5625 67
713 5575 930 5623 dolorem
973 5572 1070 5635 Τλ,
1108 5574 1269 5621 dolore
1305 5570 1362 5634 9²
1594 5572 1651 5620 71
1696 5571 2021 5634 trepidaeque
2065 5570 2126 5631 T,
2167 5569 2462 5632 trepidoque
2499 5572 2589 5614 cet.
2629 5567 2771 5625 volyo
3005 5564 3068 5613 73
3107 5578 3269 5623 myrra
3305 5568 3477 5610 utrum
3516 5561 3564 5624 λ,
3605 5567 3735 5621 myrt
3741 5595 3868 5610 ......

615 5663 724 5720 (tae.
766 5675 848 5709 aex
884 5663 998 5722 lm.)
1049 5660 1091 5707 T
1329 5660 1616 5708 lucentibus
1651 5675 1682 5720 9
1721 5661 2020 5718 Aecus-sius,
2059 5657 2349 5715 uigentibus
2386 5656 2404 5701 l
2438 5654 2548 5702 cod.
2595 5654 2848 5713 Act-ursii,
2891 5651 3184 5709 lugentibus
3221 5654 3311 5698 cet.
3352 5650 3496 5710 volyo
3743 5661 3870 5708 paur

609 5748 718 5807 (del.
749 5747 838 5808 νηί)
884 5761 1116 5810 pauorem
1160 5746 1219 5809 T,
1262 5751 1516 5808 parentem
1556 5743 1584 5793 λ

3354 5837 3456 5887 ¹6*
