4630 6435
1791 460 2317 518 PROFESSORES
2363 461 2561 525 (xvh.
3281 538 3299 548 ,
3734 462 3805 522 71

1214 651 1543 718 commode
1590 652 1761 717 laete
1810 651 2088 735 benigne
2136 650 2484 731 abstemie,
2540 658 2670 716 tam
2716 651 2880 715 bone
2925 647 3164 714 dandis

1047 778 1106 817 ιο
1389 775 1650 840 semper
1693 754 2008 833 consiliis,
2065 775 2258 839 quam
2304 754 2618 820 taciturne
2667 754 2869 834 datis,

1214 867 1344 924 tam
1393 860 1590 925 decus
1636 879 1823 924 omne
1869 858 1996 923 tuis
2042 878 2235 940 quam
2280 879 2432 922 mox
2480 858 2692 933 dolor,
2747 856 2961 921 omnia
3007 856 3238 921 acerbo

1391 963 1615 1028 funere
1662 968 2074 1047 praereptus,
2132 960 2427 1041 GlabriO,
2486 960 2821 1041 destituis,

1216 1085 1412 1135 uxore
1460 1072 1525 1131 et
1568 1065 1772 1145 natis,
1831 1065 2119 1146 genitore
2166 1071 2230 1129 et
2276 1071 2478 1129 matre
2524 1063 2796 1145 relictiS,

1391 1169 1558 1234 eheu
1605 1186 1800 1249 quam
1846 1167 2066 1233 multis
2112 1167 2361 1252 perdite
2407 1167 2810 1232 nominibus!

1049 1291 1110 1331 15
1217 1269 1366 1336 flete
1415 1270 1524 1335 diu
1572 1271 1789 1351 nobis,
1846 1291 2194 1354 numquam
2242 1270 2434 1350 satis,
2491 1270 2711 1354 accipe
2756 1271 3094 1347 acerbum,

1394 1374 1694 1454 Glabrio,
1750 1373 1814 1438 iu
1862 1381 2194 1440 aeternum
2241 1381 2733 1439 commemorate
2780 1373 2946 1438 vale.

1895 1648 2007 1713 26.
2063 1647 2459 1715 CORONIS.

1218 1820 1393 1899 Quos
1439 1819 1608 1904 legis
1652 1840 1692 1884 a
1738 1820 1949 1905 prima
1995 1819 2304 1886 deductos
2351 1820 2607 1886 menide
2655 1819 2834 1897 libri,
3483 1839 3583 1889 215
3627 1842 3811 1901 (xxv)

1392 1923 1685 1989 doctores
1730 1924 1983 2008 patriae
2031 1924 2191 1989 scito
2238 1923 2443 1989 fuisse
2490 1944 2672 1989 meae

1219 2026 1622 2111 grammatici
1665 2026 1735 2092 in
1779 2025 1995 2091 studio
2041 2028 2148 2092 vel
2194 2026 2471 2091 rhetoris
2516 2034 2631 2092 aut
2671 2026 2740 2091 in
2787 2033 3053 2108 utroque
3075 2077 3090 2105 ,

1389 2149 1549 2214 quos
1593 2150 1988 2196 memorasse
2035 2130 2194 2194 mihi
2240 2138 2442 2195 morte
2487 2130 2662 2195 obita
2710 2130 2867 2195 satis
2914 2137 3035 2195 est.

1085 2256 1111 2295 5
1217 2233 1548 2301 viventum
1592 2234 1922 2299 inlecebra
1968 2241 2068 2299 est
2113 2233 2446 2299 laudatio:
2489 2233 2749 2298 nomina
2793 2238 3041 2297 tantum

1390 2356 1549 2402 voce
1596 2336 1766 2402 ciere
1814 2335 1951 2402 suis
1998 2336 2280 2402 sufficiet
2321 2336 2610 2402 tumulis.

1219 2459 1407 2522 ergo,
1465 2438 1575 2523 qui
1617 2448 1876 2505 nostrae
1924 2439 2091 2522 legis
2138 2438 2268 2504 otia
2311 2439 2524 2505 tristia
2569 2439 2860 2519 chartae,

1394 2542 1715 2626 eloquium
1761 2563 1844 2608 ne
1891 2550 1959 2608 tu
2007 2562 2244 2626 quaere
2291 2550 2392 2609 set
2436 2542 2749 2621 officium,

1221 2667 1347 2735 quo
1395 2645 1589 2711 claris
1635 2645 1971 2729 doctisque
2016 2644 2172 2710 viris
2218 2645 2328 2730 pia
2374 2666 2527 2711 cura
2571 2652 2901 2730 parentat,

1053 2771 1107 2811 ιο
1392 2748 1544 2815 dum
1590 2749 1826 2814 decora
1874 2750 2176 2833 egregiae
2222 2749 2654 2814 commeminit
2699 2750 2973 2833 patriae.

1943 3021 2056 3088 27.
2101 3022 2412 3089 POETA.

1427 3196 1685 3274 valete,
1741 3215 1966 3262 manes
2011 3194 2374 3261 inclitorum
2419 3196 2777 3280 rhetorum,
3275 3197 3280 3202 ’
3467 3216 3567 3265 216
3608 3217 3819 3278 (xxvi,

1597 3300 1842 3379 valete,
1901 3300 2191 3365 doctores
2237 3299 2451 3383 probi,

1424 3401 1693 3466 historia
1739 3401 1796 3466 si
1844 3422 2003 3483 quos
2049 3402 2154 3467 vel
2200 3400 2493 3485 poeticus
2541 3404 2726 3469 stilus

1599 3505 1887 3570 forumve
1934 3504 2088 3569 fecit
2132 3504 2385 3569 nobiles

1293 3628 1318 3667 5
1426 3608 1714 3674 medicae
1761 3609 1864 3672 vel
1911 3608 2068 3672 artis
2114 3607 2352 3690 dogma
2396 3608 2501 3672 vel
2551 3608 2948 3674 Platonicum

1598 3711 1779 3777 dedit
1823 3711 2092 3796 perenni
2135 3710 2403 3793 gloriae.

1425 3819 1489 3878 et
1534 3814 1590 3878 si
1635 3834 1764 3895 qua
1809 3813 2043 3878 functis
2090 3833 2244 3878 cura
2290 3813 2621 3878 viventum
2667 3814 2880 3898 placet

1596 3916 1901 3998 iuvatque
1947 3916 2145 3980 honor
2191 3916 2639 3999 superstitum,

1427 4017 1700 4102 accipite
1749 4025 2065 4083 maestum
2112 4017 2416 4083 carminis
2464 4019 2704 4084 cultum
2749 4020 2879 4085 mei

1258 4141 1316 4182 ιο
1598 4126 1843 4185 textum
1890 4122 2179 4204 querella
2226 4120 2447 4186 flebili.

1425 4223 1648 4296 sedem
1695 4224 1974 4308 sepulcri
2020 4231 2236 4290 servet
2280 4224 2579 4289 immotus
2627 4224 2817 4304 ciniS,

1599 4327 1908 4392 memoria
1952 4328 2129 4392 vivat
2171 4327 2535 4409 nominum,

1426 4428 1579 4493 dum
1623 4437 1869 4495 remeat
1911 4430 2078 4494 illud
2121 4429 2357 4495 iudicis
2400 4430 2567 4496 dono
2614 4430 2722 4496 dei

1598 4551 1932 4598 commune
1977 4553 2120 4598 cum
2167 4532 2267 4597 dis
2312 4533 2666 4598 saeculum.

718 4805 820 4861 25.
898 4810 952 4859 11
995 4811 1144 4870 Verg.
1189 4810 1297 4858 Ecl.
1338 4810 1385 4856 V
1421 4808 1486 4859 34
1524 4814 1582 4858 tu
1618 4809 1772 4857 decus
1806 4822 1952 4856 omne
1987 4810 2092 4856 tuis

718 5063 819 5119 26.
897 5069 918 5116 1
961 5069 1188 5117 ωιεηίᾱε
1233 5068 1274 5113 V
1514 5065 1545 5116 3
1581 5043 1791 5115 rhetoris
1836 5065 1879 5112 V
1917 5064 1964 5124 (h
2001 5061 2092 5126 m2)
2354 5064 2384 5113 5
2422 5048 2661 5114 uibencid
2710 5067 2764 5128 V,
2806 5069 3066 5116 viventum
3102 5068 3235 5117 scat.
3469 5068 3499 5118 6
3538 5070 3728 5117 sufficit
3774 5071 3813 5115 V

549 5159 686 5214 (corr.
727 5152 814 5214 m‘2}
1034 5153 1065 5203 8
1104 5161 1158 5202 tu
1197 5168 1262 5202 ne
1300 5153 1436 5202 Scal.
1477 5153 1619 5213 volqo
1830 5156 1907 5200 set
1953 5151 1996 5198 V
2035 5151 2083 5211 (d
2117 5147 2208 5211 ⁷⁷¹³)
2432 5151 2493 5200 10
2531 5152 2677 5200 decor
2722 5153 2773 5214 V,
2819 5155 2990 5202 decora
3028 5154 3161 5202 Scal.

715 5234 816 5289 27.
894 5239 914 5288 l
955 5240 1208 5288 rethorum
1260 5240 1300 5286 V
1539 5237 1572 5286 4
1610 5227 1841 5298 forumq⁵
1884 5237 1940 5297 V,
1981 5238 2209 5284 forumve
2249 5235 2492 5284 Graevius
2736 5238 2765 5286 5
2806 5239 3065 5302 medicem
3102 5240 3139 5285 V
3180 5241 3255 5300 (ae
3293 5244 3437 5300 eras.)
3677 5249 3809 5290 artes

547 5327 717 5373 Deum
928 5326 955 5374 'a‘
995 5327 1192 5376 cunctis
1236 5325 1291 5385 V,
1333 5325 1528 5373 functis
1567 5324 1742 5372 Domo
1974 5321 2005 5369 9
2043 5324 2211 5383 accipe
2256 5322 2299 5368 V
2329 5336 2451 5372 corr.
2494 5323 2812 5372 Pulmannus
3048 5324 3103 5373 11
3146 5327 3395 5386 sepulchri
3443 5327 3497 5384 V,
3537 5327 3810 5388 sepulchris

547 5410 710 5471 Luyd.
750 5412 895 5470 volyo
1108 5410 1169 5459 13
1209 5411 1322 5458 illut
1366 5410 1406 5456 V
1443 5409 1492 5471 (d
1527 5407 1618 5467 m2)
1840 5408 1900 5457 14
1939 5407 2016 5456 dis
2064 5408 2104 5452 V
2137 5408 2207 5468 (in
2242 5423 2343 5467 my.
2385 5423 2452 5457 m.
2494 5423 2589 5458 rec.
2633 5410 2731 5469 dis)
2945 5410 3084 5457 Finit
3132 5412 3173 5456 V
3210 5408 3300 5472 (⁷71²
3320 5415 3356 5470 Ρ)
