4630 6435
837 399 963 460 240
2301 394 2613 453 AVSONII

2384 686 2526 753 XV.

1005 844 1120 910 40.
1651 835 1744 905 Ἣ
1792 839 1849 905 δ’
1904 843 1989 913 εἰς
2035 837 2371 928 εὐρυχόρην
2419 842 2843 926 Λακεδαίμονα
2892 839 3140 916 Παλλὰς
3177 839 3425 929 Ἀθήνη.
3985 854 4088 903 459

1661 944 1779 1028 <It>
1827 943 2375 1009 Lacedaemonias
2420 964 2603 1010 arces
2649 945 2934 1011 Tritonia
2977 946 3220 1011 Pallas.

1007 1049 1435 1115 Telemachus
1478 1067 1519 1112 a
1562 1047 1851 1112 Minerva
1895 1067 2010 1131 per
2054 1046 2368 1111 somnium
2423 1054 2868 1124 conmonetur‚
2935 1048 3191 1114 domum
3254 1055 3323 1114 ut
3381 1048 3646 1114 rediret:
3716 1056 4088 1133 maturoque

834 1147 1166 1238 digressus
1212 1151 1438 1231 cubili,
1494 1170 1535 1214 a
1579 1149 1879 1215 Menelao
1923 1149 2179 1214 veniam
2224 1150 2613 1215 reversionis
2659 1157 2898 1216 exorat.
2995 1172 3121 1234 qua
3166 1151 3429 1217 comiter
3477 1151 3827 1235 impetrata
3870 1172 4090 1235 regre-

836 1257 1006 1322 ditur
1062 1256 1148 1321 ad
1207 1274 1436 1320 navem
1496 1252 1565 1317 in
1618 1259 1802 1337 portu
1847 1252 2033 1336 Pylio
2093 1260 2457 1319 manentem
2504 1253 2966 1337 Pisistratoque
3024 1254 3109 1320 ad
3168 1255 3389 1320 urbem
3450 1262 3643 1337 atque
3697 1254 3783 1320 ad
3841 1263 4088 1340 patrem
4128 1277 4155 1315 5

832 1359 1100 1425 remisso
1158 1361 1297 1442 ipse
1343 1376 1611 1442 propere
1659 1355 1851 1421 solvit
1894 1376 1929 1421 e
1973 1355 2192 1436 litore,
2260 1357 2487 1422 comite
2545 1357 2975 1441 navigationis
3034 1365 3363 1443 assumpto
3408 1358 3886 1442 Theoclymeno
3941 1365 4088 1423 vate

834 1463 1097 1546 Argivo,
1151 1480 1277 1527 uno
1325 1480 1405 1525 ex
1447 1460 1532 1524 iis
1577 1478 1736 1542 quos
1767 1459 2126 1543 Melampus
2156 1459 2580 1544 Amythaonis
2625 1459 2923 1526 erudivit.
2995 1460 3338 1544 vitatisque
3368 1460 3850 1526 insidiatoribus
3881 1461 4089 1545 procis

833 1565 1175 1631 advehitur
1216 1565 1283 1629 in
1343 1563 1618 1649 patriam
1680 1570 1744 1627 et
1801 1561 1994 1626 sociis
2052 1562 2307 1647 quidem
2367 1570 2614 1648 portum
2674 1571 2893 1648 petere
2951 1563 3145 1628 iussis
3203 1564 3344 1648 ipse
3402 1562 3657 1628 diverso
3716 1564 3944 1630 itinere
4002 1564 4090 1629 ad

782 1695 788 1702 ·
831 1689 1055 1752 agrum
1102 1668 1584 1748 Eumaeumque
1631 1664 2071 1749 proficiscitur.

2379 1871 2550 1935 XVI.

1004 2028 1119 2095 41.
1662 2022 1765 2089 To)
1811 2022 1865 2089 δ’
1924 2017 2055 2091 αὖτ’
2113 2028 2174 2090 ἐν
2221 2026 2451 2111 κλισίῃς
2490 2022 2821 2097 Ὀδυσσεὺς
2867 2024 2970 2091 καὶ
3016 2029 3140 2099 δῖος
3187 2022 3472 2113 ὑφορβός.
3986 2039 4088 2088 460

987 2137 988 2140 ’
1655 2129 2004 2194 Commune
2051 2129 2376 2193 Eumaeus
2421 2129 2677 2214 mapale
2724 2136 2787 2194 et
2830 2128 3018 2194 divus
3064 2129 3308 2195 Vlixes.
4174 2117 4175 2120 ¹

1005 2232 1435 2301 Telemachus
1468 2233 1821 2296 Eumaeum
1853 2231 2143 2297 nuntium
2176 2231 2421 2297 reditus
2451 2232 2645 2297 mittit
2674 2232 2758 2296 ad
2789 2240 3091 2298 matrem:
3149 2233 3351 2317 (ipse)
3387 2232 3676 2297 Minerva
3708 2232 3801 2296 ita
3832 2232 4088 2298 volente

835 2339 1148 2424 <patrem>
1197 2335 1523 2421 cognoscit
1567 2343 1631 2401 et
1676 2355 1818 2400 cum
1865 2355 1940 2400 eo
1987 2335 2295 2420 deinceps
2341 2335 2598 2418 agenda
2642 2334 2946 2419 disponit.
3040 2336 3365 2420 Penelopa
3408 2342 3624 2401 autem
3670 2334 3924 2418 cognito
3969 2333 4087 2399 filii

831 2441 1043 2508 reditu
1095 2440 1221 2526 (in)
1272 2444 1652 2505 conventum
1697 2456 2064 2522 procorum,
2136 2458 2264 2520 qua
2308 2437 2700 2503 verecundia
2745 2438 3032 2518 sinebat,
3099 2438 3426 2521 egreditur
3468 2438 3940 2523 increpatisque
3984 2437 4090 2501 in-
4131 2461 4157 2500 5

835 2543 1244 2610 sidiatoribus
1289 2542 1408 2607 filii
1453 2561 1581 2607 non
1625 2541 1836 2606 minus
1880 2539 2047 2606 irata
2090 2560 2282 2622 quam
2328 2546 2576 2606 maesta
2622 2540 2915 2606 discedit.

2355 2745 2561 2809 XVII.

1006 2901 1117 2967 42.
1647 2893 1854 2983 Ἦμος
1902 2897 1954 2963 δ’
2010 2896 2315 2985 ἠριγένεια
2362 2898 2519 2985 φάνη
2571 2896 3001 2986 ῥοδοδάκτυλος
3046 2895 3190 2984 ἠώς.
3985 2912 4086 2961 461

1657 3004 1794 3069 Iam
1842 3003 2093 3068 caelum
2139 3003 2343 3067 roseis
2390 3004 2610 3068 rutilat
2655 3003 2957 3068 Tithonia
3000 3002 3191 3087 bigis.

1005 3107 1433 3173 Telemachus
1496 3106 1728 3172 anxiae
1789 3105 1974 3170 matri
2034 3104 2322 3171 ordinem
2381 3105 2914 3190 peregrinationis
2973 3113 3250 3172 enarrat.
3360 3106 3582 3172 Vlixes
3642 3105 3726 3171 ad
3784 3105 4092 3191 oppidum

834 3215 1120 3279 Eumaeo
1167 3210 1525 3295 opitulante
1569 3208 1963 3295 perducitur.
2059 3207 2314 3273 domum
2361 3208 2427 3273 in
2473 3230 2601 3292 qua
2644 3208 2820 3295 proci
2866 3209 3295 3295 epulabantur
3336 3209 3669 3293 ingressus
3727 3207 4095 3274 emendicat

835 3316 1010 3382 cibos
1055 3313 1508 3380 miserabiliter
1552 3311 1916 3378 ambiendo.
2008 3311 2160 3376 inde
2206 3312 2290 3377 ab
2336 3312 2613 3377 Antinoo
2658 3313 2958 3378 iniuriose
3004 3312 3301 3378 afficitur.
3396 3312 3499 3378 cui
3541 3313 3870 3396 Penelopa
3911 3311 4093 3377 diras

835 3420 914 3485 ob
959 3419 1378 3484 inhumanum
1425 3414 1677 3481 facinus
1721 3415 2136 3502 imprecatur:
2207 3435 2248 3479 a
2294 3435 2423 3497 qua
2467 3415 2705 3481 missus
2750 3417 3075 3481 Eumaeus
3134 3422 3264 3495 est,
3332 3423 3402 3481 ut
3444 3415 3679 3500 hospes
3749 3416 3859 3497 (sic
3916 3415 4090 3481 enim

835 3542 905 3588 se
954 3521 1216 3601 ferebat)
1277 3518 1363 3584 ad
1407 3538 1552 3583 eam
1597 3526 2066 3603 provocaretur.
2166 3517 2336 3602 (qui)
2384 3524 2519 3583 tum
2565 3518 2823 3600 quidem
2868 3519 3177 3583 invitatus
3222 3519 3495 3602 gratiam
3542 3519 3716 3599 facit,
3769 3518 3885 3584 sed
3929 3538 4093 3583 ven-

836 3632 1047 3691 turum
1095 3642 1238 3689 sese
1285 3622 1369 3687 ad
1415 3640 1751 3706 vesperam
1799 3621 2157 3706 pollicetur.

4134 3336 4161 3375 0⁸

2335 3826 2575 3890 XVIII.

1004 3982 1120 4049 43.
1654 3972 1858 4046 Ἦλθε
1904 3978 1961 4045 δ’
2018 3977 2111 4045 ἐπὶ
2155 3974 2392 4066 πτωχὸς
2438 3976 2793 4063 πανδήμιος,
2840 3974 2909 4053 ὃς
2955 3977 3107 4044 κατὰ
3154 3973 3321 4045 ἄστυ.
3985 3991 4088 4040 462

921 4166 924 4167 ⁷
1659 4084 1800 4150 Irus
1844 4084 2030 4150 adest
2075 4083 2296 4170 populi
2340 4103 2455 4167 per
2498 4082 2953 4149 mendicabula
2995 4092 3205 4149 notus.

1012 4189 1417 4255 Mendicante
1473 4188 1640 4253 intra
1696 4188 1867 4253 lares
1925 4186 2215 4272 proprios
2259 4184 2448 4251 Vlixe
2504 4186 2672 4251 alius
2732 4206 2983 4270 quoque
3044 4186 3185 4271 pari
3242 4193 3531 4269 egestate
3590 4187 3731 4252 Irus
3788 4186 4083 4270 accessit,

833 4291 1163 4378 popularis
1210 4290 1635 4373 Ithaeensius,
1690 4292 1890 4376 stipes
1935 4291 2002 4355 in
2047 4289 2252 4355 triviis
2298 4288 2527 4356 solitus
2571 4309 2820 4373 rogare.
2916 4288 3193 4373 iurgium
3240 4309 3391 4373 ergo
3434 4288 3691 4374 inopiae
3737 4289 4090 4356 communis

1005 4566 1106 4620 40.
1183 4569 1204 4618 1
1245 4571 1934 4618 ΕΥΡΙΧΟΡΗΛΛΚΕΔΑΙΜΟΝΑ
1974 4566 2018 4612 Ρ
2222 4565 2253 4616 2
2291 4567 2332 4613 it
2369 4568 2611 4627 supplevit
2646 4567 2927 4627 Amnius,
2971 4573 3023 4615 at
3067 4567 3175 4628 vy„
3219 4568 3280 4615 ad
3316 4567 3457 4628 Par„
3492 4581 3586 4616 om.
3631 4567 3676 4614 P
3875 4571 4007 4615 artes
4047 4565 4093 4613 Ρ

842 4657 951 4717 U9.‚
995 4670 1128 4703 arces
1166 4654 1283 4704 Par.
1533 4654 1562 4703 3
1602 4656 1884 4715 sompnium
1923 4653 1968 4699 P
2208 4659 2553 4700 commonetur
2596 4652 2685 4713 [ῖς.
2926 4660 3219 4715 maturoque
3257 4652 3301 4701 P
3341 4653 3451 4714 Uy„
3494 4658 3786 4716 matureque
3823 4654 4089 4701 Accusatus
4145 4696 4151 4711 ,

834 4744 865 4792 4
903 4743 1167 4802 degressus
1207 4740 1252 4787 P
1454 4740 1673 4801 ipetrata
1713 4738 1758 4785 P
1984 4738 2015 4787 5
2052 4739 2172 4799 pilio
2208 4738 2499 4785 molientem
2536 4738 2581 4785 P
2785 4739 3162 4800 pisisstratoque
3200 4739 3257 4800 P,
3300 4740 3659 4800 Prisistatoque
3704 4738 3789 4799 Uo.
3998 4752 4087 4799 pa-

833 4830 980 4891 triam
1015 4830 1199 4876 emisso
1238 4827 1283 4873 P
1327 4827 1434 4887 Cy„
1478 4831 1672 4887 patrem
1711 4826 1915 4872 remisso
1958 4825 2067 4871 Tell
2298 4822 2332 4872 6
2369 4824 2590 4872 clemono
2628 4824 2672 4870 P
2896 4825 2923 4873 7
2962 4825 3043 4873 his
3083 4824 3141 4885 P,
3181 4826 3225 4873 is
3270 4824 3358 4885 Uy.
3573 4823 3604 4873 8
3640 4825 3850 4874 aduerso
3886 4824 3931 4871 P
3969 4824 4082 4885 U9.,

835 4916 1031 4963 diverso
1070 4915 1338 4962 Accursws
1544 4909 1576 4959 9
1614 4907 2014 4976 Eumaeumque]
2052 4924 2219 4958 meum
2255 4923 2527 4971 meumque
2564 4910 2609 4956 P

1006 4996 1108 5051 41.
1186 4999 1205 5048 1
1252 5003 1533 5048 outcome
1565 4998 1608 5043 P
1883 4994 1912 5044 2
1951 5009 2160 5043 comune
2196 4994 2353 5043 cume'
2391 4995 2436 5042 P
2692 4996 2933 5058 mapalale
2970 4996 3015 5043 P
3056 4996 3171 5060 U9.‚
3210 4999 3401 5059 mapale
3446 4993 3591 5046 Vm.⁴
3846 4998 3984 5046 dirus
4020 4996 4079 5058 P,

836 5088 966 5135 divis
1011 5086 1122 5147 Uy„
1167 5086 1311 5133 divus
1357 5080 1501 5133 ναι(
1732 5083 1762 5132 3
1799 5096 2029 5130 cumeum
2065 5095 2202 5130 nunc
2238 5081 2466 5129 redditus
2504 5081 2548 5127 P
2768 5084 3015 5130 nuncium
3059 5082 3144 5143 Uo.
3375 5086 3485 5146 ipse
3520 5097 3616 5133 om.
3661 5083 3703 5130 P
3929 5081 3960 5131 4
3995 5096 4085 5144 pa-

829 5168 962 5220 ⁴trem
999 5187 1094 5220 om.
1138 5171 1183 5218 P
1389 5170 1638 5232 Penelope
1687 5168 1776 5229 Cy.
1825 5168 2036 5229 (semper)
2251 5172 2342 5214 aut
2378 5167 2423 5213 P
2626 5166 2793 5214 reditu
2830 5169 2924 5216 filii
2968 5168 3057 5228 Uy.
3086 5170 3228 5229 υοιρο
3437 5170 3468 5217 5
3505 5172 3560 5218 in
3596 5185 3693 5220 om.
3726 5169 3772 5216 P
3974 5182 4086 5230 pro-

835 5273 1005 5307 cerum
1051 5257 1140 5318 Uy.
1354 5256 1384 5306 6
1422 5260 1609 5304 moesta
1657 5254 1744 5315 Uy.
1955 5253 2210 5302 descendit
2252 5253 2297 5299 P
2339 5251 2452 5313 Uq„
2493 5252 2707 5301 discedit
2750 5250 2893 5302 ναι(

1008 5339 1109 5394 42.
1186 5343 1205 5392 1
1251 5345 1508 5391 HPlFENlA
1546 5340 1591 5387 P
1826 5343 1935 5387 Hoc
1976 5339 2021 5386 Ρ
2257 5338 2287 5388 2
2329 5340 2507 5387 titonia
2543 5338 2589 5385 P
2630 5338 2738 5400 Uq„
2781 5338 3005 5387 Tritonia
3050 5338 3194 5389 ναι*
3221 5342 3361 5402 volyo
3604 5341 3636 5389 4
3674 5355 3848 5390 cumeo
3883 5343 4084 5404 oppitu-

836 5431 972 5478 lante
1011 5428 1056 5475 P
1320 5428 1349 5475 5
1386 5424 1545 5493 cibos]
1582 5428 1750 5475 ambos
1788 5425 1832 5473 P
2070 5425 2357 5473 ambiendos
2396 5425 2440 5471 P
2679 5426 2852 5473 antino
2889 5425 2933 5471 P
3196 5424 3227 5474 6
3262 5422 3346 5492 ob]
3381 5429 3443 5476 ab
3478 5426 3523 5475 P
3758 5427 4008 5488 ‘iprecatur
4045 5427 4091 5473 P

839 5515 867 5563 7
906 5522 957 5564 at
991 5529 1104 5563 cum
1143 5514 1201 5573 P,
1243 5514 1304 5562 ad
1341 5516 1403 5562 cu
1447 5513 1559 5573 [ἴση
1601 5512 1662 5560 ad
1699 5526 1805 5561 eam
1852 5507 1994 5560 Vm.⁴
2201 5511 2290 5572 qui
2326 5509 2443 5559 add.
2485 5510 2658 5571 Barth,
2698 5523 2792 5557 om.
2824 5510 2869 5557 P
2913 5510 3021 5572 Cy„
3063 5526 3131 5559 an
3168 5513 3249 5561 is?

1009 5597 1112 5653 43.
1188 5600 1209 5649 1
1255 5603 1435 5647 ΟΚΑΤΑ
1472 5599 1516 5647 Ρ
1723 5598 1752 5647 2
1791 5597 1970 5659 populo
2007 5595 2244 5643 Heinsius
2454 5595 2483 5643 3
2522 5597 2800 5644 mendicate
2837 5596 2881 5642 P
3085 5600 3308 5662 proprios
3345 5599 3474 5647 lares
3519 5598 3608 5660 Uo.
3650 5601 3793 5661 volyo
4000 5615 4086 5663 pa-

838 5689 904 5736 rit
941 5688 986 5735 P
1191 5685 1222 5733 4
1259 5686 1528 5735 ithacesius
1568 5685 1622 5746 P,
1666 5684 1943 5732 Ithacesius
1989 5680 2079 5741 vy.
2292 5683 2521 5729 comunis
2557 5680 2602 5727 P
