4630 6435
774 441 797 498 1
813 438 894 499 66
2239 433 2551 491 AVSONII

1456 797 1633 862 VIII.
1688 797 2109 863 AVSONIVS
2156 798 2369 863 AXIO
2416 797 2695 863 PAVLO
2742 796 3115 861 RHETORI
3163 796 3345 861 SAL.

1438 971 1727 1035 Tandem
1775 971 2036 1037 eluctati
2085 970 2441 1035 retinacula
2494 970 2738 1034 blanda
2782 990 3102 1034 morarum
3933 986 4031 1036 397

1616 1073 2011 1157 Burdigalae
2059 1075 2286 1139 molles
2332 1074 2637 1155 liquimus
2684 1073 3045 1138 inlecebras
3899 1074 4031 1135 (le

1443 1178 1981 1259 Santonicamque
2030 1179 2250 1242 urbem
2298 1177 2509 1242 vicino
2555 1176 2946 1242 accessimus
2991 1197 3169 1259 agro.

1614 1281 1785 1363 quod
1833 1280 1947 1345 tibi
1996 1281 2052 1345 si
2097 1287 2352 1364 gratum
2400 1287 2529 1361 est,
2584 1280 2825 1365 optime
2872 1280 3109 1362 Paule,
3163 1279 3382 1363 proba.

1305 1405 1332 1442 5
1442 1384 1820 1469 cornipedes
1866 1384 2122 1468 rapiant
2167 1385 2421 1468 inposta
2469 1383 2772 1467 petorrita
2818 1383 3064 1463 mulae,

1610 1488 1711 1552 vel
1760 1487 1917 1552 cisio
1963 1488 2213 1570 triiugi,
2271 1488 2329 1551 si
2374 1488 2621 1572 placet,
2674 1486 2956 1567 insilias,

1437 1591 1541 1655 vel
1590 1591 1861 1655 celerem
1909 1612 2212 1656 mannum
2260 1591 2365 1655 vel
2412 1598 2666 1675 ruptum
2713 1598 2899 1671 terga
2943 1588 3291 1653 veraedum

1610 1694 2042 1773 conscendaS,
2095 1714 2367 1778 propere
2414 1693 2756 1758 dummodo
2800 1693 2932 1757 iam
2978 1691 3237 1772 venias,

1442 1796 1739 1861 instantis
1786 1804 2090 1862 revocant
2135 1796 2289 1879 quia
2332 1817 2449 1862 nos
2495 1795 2838 1863 sollemnia
2883 1795 3165 1879 paschae

1275 1921 1333 1961 ιο
1615 1900 1820 1965 libera
1864 1921 1981 1965 nec
2028 1902 2212 1966 nobis
2259 1908 2358 1967 est
2402 1922 2583 1966 mora
2627 1899 2949 1966 desidiae.

1436 2003 1651 2087 perfer
1694 2004 1759 2068 in
1806 2024 2077 2069 excursu
2124 2005 2229 2069 vel
2274 2004 2529 2087 teriuga
2577 2004 2755 2070 milia
2802 2001 3054 2088 epodon

1616 2107 1720 2172 vel
1768 2107 1970 2172 falsas
2015 2106 2197 2189 lites,
2253 2128 2415 2191 quas
2464 2108 2684 2173 schola
2728 2114 2946 2172 vestra
2992 2104 3167 2170 serit.

1443 2211 1774 2275 nobiscum
1821 2210 2113 2275 invenies
2158 2211 2405 2291 nullas,
2460 2212 2613 2295 quia
2660 2211 2963 2295 liquimus
3009 2209 3153 2273 istic

1609 2334 1923 2396 nugarum
1971 2321 2223 2379 veteres
2269 2335 2414 2379 cum
2461 2315 2598 2379 sale
2643 2312 3001 2396 relliquias.

1869 2608 2080 2672 vnn.
2139 2585 2566 2673 Avsomv's
2614 2607 2916 2673 PAVLO.

1433 2780 1665 2846 Ostrea
1708 2780 2018 2845 nobilium
2066 2781 2243 2846 cenis
2290 2788 2675 2866 sumptuque
2719 2787 3022 2866 nepotum
3928 2796 4028 2847 398

1433 2884 1690 2967 cognita
1735 2883 2114 2967 diversoque
2159 2884 2356 2950 maris
2401 2885 2723 2970 deprensa
2768 2884 3125 2969 profund0,
3926 2886 4021 2947 (Vl

1431 2994 1543 3052 aut
1586 2987 1833 3071 refugis
1876 2988 2123 3053 nudata
2167 2987 2356 3053 vadis
2402 2995 2515 3054 aut
2560 3008 2833 3073 scrupea
2878 2989 3097 3054 subter

1431 3098 1616 3155 antra
1659 3097 1725 3156 et
1767 3090 2068 3156 muriceis
2114 3092 2522 3176 scopulorum
2570 3112 2781 3158 mersa
2825 3093 3106 3174 lacunis,

1298 3217 1323 3256 5
1430 3214 1597 3279 quae
1641 3193 1866 3260 viridis
1913 3214 2199 3277 muscus,
2254 3216 2422 3279 quae
2469 3196 2729 3262 decolor
2773 3197 2925 3279 alga
2970 3194 3294 3278 recondit,

1433 3319 1600 3382 quae
1647 3299 1829 3364 testis
1877 3306 2171 3365 concreta
2217 3300 2352 3364 suis
2397 3320 2515 3366 ceu
2561 3321 2723 3365 saxa
2768 3300 3140 3380 cohaerent,

1429 3422 1598 3485 quae
1646 3408 1895 3468 mutata
1940 3403 2111 3484 loco,
2165 3403 2390 3487 pingui
2436 3424 2584 3469 mox
2630 3403 2875 3468 consita
2922 3403 3073 3467 limo

1428 3504 1627 3571 nutrit
1672 3513 1956 3571 secretus
2003 3508 2347 3572 conclusae
2393 3506 2658 3590 uliginis
2704 3527 2910 3587 umor,

1428 3630 1805 3676 enumerare
1850 3609 2070 3692 iubeS,
2122 3616 2310 3676 vetus
2358 3631 2394 3675 o
2441 3611 2601 3675 mihi
2645 3611 2847 3676 Paule
2893 3609 3167 3692 sodalis,

1262 3735 1320 3775 ιο
1428 3713 1806 3779 adsuefacte
1852 3714 2010 3779 meis
2056 3714 2329 3780 ioculari
2373 3714 2655 3780 carmine
2701 3714 2914 3797 nugis.

1427 3818 1810 3901 adgrediar,
1865 3818 2162 3899 quamvis
2210 3838 2428 3884 curam
2475 3839 2604 3884 non
2647 3819 2774 3884 ista
2819 3818 3087 3884 senilem

1429 3921 1776 3987 sollicitent
1820 3921 2117 4006 frugique
2164 3922 2302 3987 viro
2348 3922 2680 4005 dignanda
2722 3928 3045 4006 putentur.

1427 4046 1577 4089 nam
1624 4024 1784 4089 mihi
1831 4046 1958 4090 non
2006 4025 2259 4092 Saliare
2306 4026 2604 4110 epulum,
2660 4047 2786 4092 non
2832 4046 2985 4091 cura
3029 4024 3325 4109 dapalis,

758 4221 1578 4228 —ss———aa——ff-——Q

937 4339 1103 4388 VIIII.
1184 4339 1245 4390 13
1282 4340 1402 4389 Hor.
1445 4338 1610 4388 Carm.
1649 4340 1674 4386 1
1711 4338 1792 4400 37,
1838 4338 1867 4386 2
1895 4353 2004 4401 sqq.
2045 4353 2183 4388 nunc
2221 4340 2497 4391 Saliaribus
2534 4353 2707 4388 ornare
2743 4340 2978 4401 pulvinar
3013 4339 3216 4388 deorum
3254 4343 3457 4400 tempus
3492 4343 3597 4386 erat
3632 4338 3844 4399 dapibus

929 4635 1071 4681 v111.
1146 4635 1324 4682 lemma
1374 4636 1428 4681 ἰη
1470 4634 1512 4681 V
1551 4634 1713 4693 (retori
1750 4633 1904 4694 salr‘v)
1932 4670 1944 4692 ,
1999 4635 2258 4682 Ausonius
2294 4635 2448 4682 Paulo
2487 4634 2564 4694 M,
2626 4635 2810 4696 Incipit
2846 4635 2974 4682 liber
3009 4633 3253 4697 eplarum.
3331 4635 3588 4681 Ausonius
3625 4634 3777 4681 Paulo
3814 4634 3907 4682 sal.
3956 4633 4019 4693 T,

753 4724 902 4769 Liber
938 4721 1259 4782 epistolarum
1297 4721 1493 4781 incipit.
1571 4720 1781 4768 Paulino
1818 4734 1908 4769 suo
1947 4719 1996 4767 S.
2040 4722 2093 4768 P.
2139 4721 2203 4768 D.
2250 4721 2525 4781 (Ausonius
2564 4720 2773 4768 Paulino
2809 4735 2899 4770 suo
2934 4722 3036 4782 mu)
3079 4725 3172 4769 cet.
3195 4755 3208 4780 ,
3271 4722 3483 4768 Ausonii
3521 4720 3695 4769 Peonii
3732 4726 3908 4782 poetae
3944 4721 4021 4768 di-

751 4808 1020 4858 sertissimi
1057 4806 1383 4866 epistolarum
1420 4806 1563 4853 liber.
1629 4809 1885 4854 Ausonius
1923 4808 2077 4855 Paulo
2115 4808 2329 4855 salutem
2370 4808 2414 4853 E
2634 4807 2665 4856 2
2702 4807 2946 4868 liquimus
2992 4807 3034 4854 V
3236 4808 3496 4856 illecebras
3534 4823 3576 4855 ω
3788 4807 3818 4855 3
3856 4808 4022 4855 affini-

753 4907 960 4956 camque
1007 4893 1058 4954 V,
1102 4893 1535 4953 sanctonicamque
1575 4908 1636 4954 ω,
1679 4895 2086 4955 santonicamque
2124 4894 2171 4940 Ε
2444 4892 2475 4941 4
2515 4875 2718 4953 signati?
2761 4893 2804 4940 V
3008 4894 3191 4941 obtime
3230 4894 3268 4941 V
3475 4892 3504 4940 5
3540 4897 3743 4954 raptant
3767 4892 3946 4953 Delph.

750 4981 963 5041 imposta
999 4994 1041 5026 ω
1249 4980 1468 5044 ⁸monita
1511 4978 1566 5039 V,
1608 4980 1820 5039 petorita
1861 4979 1902 5025 Τ
2112 4979 2141 5027 7
2181 4970 2568 5028 eeremannuvm
2610 4980 2653 5027 V
2678 4983 2724 5040 (v
2750 4976 2841 5040 m2)
3055 4979 3331 5028 uerendum
3376 4980 3419 5026 Τ
3622 4977 3653 5026 9
3692 4979 3918 5028 solennia
3959 4979 4011 5041 Τ,

753 5065 1029 5126 solempnia
1066 5062 1123 5110 M
1361 5040 1542 5127 pasche
1591 5065 1630 5111 V
1670 5064 1719 5127 (h
1754 5061 1869 5124 m2),
1917 5079 2093 5125 pascae
2132 5081 2174 5113 ω
2459 5065 2515 5114 11
2559 5071 2725 5127 pei-ter
2762 5068 2817 5113 in
2854 5080 3002 5114 cursu
3046 5067 3089 5114 V
3328 5053 3692 5128 mili⁸epondon
3739 5066 3781 5113 V
3818 5065 3863 5127 (a
3895 5063 4012 5126 m2),

752 5152 890 5199 mille
926 5151 1087 5213 podon
1128 5166 1169 5198 ω
1385 5149 1445 5198 12
1486 5164 1583 5211 qua
1627 5151 1668 5197 T
1875 5153 2002 5200 scola
2035 5151 2179 5200 VTM
2390 5151 2451 5200 13
2488 5152 2726 5200 inuenias
2760 5152 2798 5198 V
3004 5154 3190 5200 multas
3236 5151 3277 5198 V
3312 5153 3497 5213 (nullas
3529 5167 3598 5200 m.
3639 5153 3907 5213 recentius.)
3949 5167 4015 5210 ω,

752 5239 914 5285 nullas
962 5233 1105 5284 ναι*
1382 5238 1475 5298 qui
1511 5237 1665 5299 aliqui
1706 5239 1888 5286 inustio
1931 5238 2041 5297 ΤΜ,
2092 5239 2211 5300 quia
2247 5239 2490 5300 liquimus
2527 5241 2604 5288 eio
2649 5240 2881 5301 (legimus
2918 5241 3001 5287 eia
3035 5238 3139 5298 mu)
3181 5239 3269 5303 χΕ
3550 5237 3606 5287 14
3648 5240 3939 5301 ῐεΠίιᾳυίιε
3983 5239 4026 5284 V

758 5325 808 5382 (n
846 5325 991 5384 eras.)
1206 5323 1261 5369 in
1300 5338 1342 5372 ω
1381 5325 1485 5371 loco
1522 5340 1572 5372 v.
1617 5324 1678 5373 14
1717 5325 1832 5371 haec
1868 5326 2126 5384 coquntur:
2171 5327 2294 5372 Vale
2332 5327 2499 5374 ualere
2535 5326 2579 5375 si
2616 5326 2758 5375 uoles
2794 5341 2874 5373 me
2910 5327 2990 5374 uel
3029 5326 3144 5373 uola
3183 5326 3342 5386 (epist.
3386 5325 3483 5371 XV
3515 5325 3599 5385 37)

925 5409 1095 5455 vnn.
1173 5411 1298 5456 Item
1337 5410 1595 5458 Ausonius
1633 5411 1786 5458 Paulo
1830 5411 1873 5458 V
2105 5411 2126 5460 1
2168 5401 2366 5460 host¹ea
2414 5412 2454 5459 V
2495 5414 2532 5472 (r
2566 5409 2654 5470 m2)
2894 5411 2924 5459 2
2963 5412 3266 5472 dinei-saque
3314 5410 3355 5457 V
3385 5425 3506 5459 corr.
3550 5410 3683 5457 Scal.
3929 5410 4019 5457 de-

751 5497 898 5544 fensa
931 5495 1145 5557 Vv0290,
1187 5494 1432 5556 deprensa
1455 5497 1714 5556 Ηιίηείως
1759 5496 1829 5556 cf.
1859 5497 2041 5544 XVIII
2075 5499 2120 5558 ⁶2,
2157 5499 2252 5546 139
2465 5498 2495 5545 5
2533 5474 2737 5546 ‘¹⁰decor
2770 5498 2808 5544 V
2836 5498 2915 5560 (de
2940 5494 3030 5559 m2)
3060 5499 3224 5558 volvo,
3264 5497 3460 5544 decolor
3484 5497 3660 5545 Dema
3868 5496 3898 5544 6
3936 5510 4021 5545 co-

754 5560 932 5630 herent
975 5581 1018 5628 V
1055 5582 1106 5642 (h
1142 5578 1230 5643 m2)
1468 5581 1496 5629 7
1535 5588 1708 5632 consta
1752 5582 1801 5644 V,
1846 5582 2038 5631 consita
2073 5581 2228 5642 Scal.,
2270 5583 2469 5632 condita
2504 5583 2666 5644 Luyd.
2708 5585 2852 5643 volyo
3075 5583 3106 5632 8
3146 5584 3412 5646 concluse*
3463 5583 3503 5631 V
3541 5584 3588 5645 (q
3623 5580 3697 5630 m2
3733 5585 3788 5630 in
3819 5582 3944 5642 ras.)

750 5670 927 5716 humor
971 5667 1014 5715 V
1220 5666 1276 5715 11
1319 5669 1454 5716 ista*
1500 5669 1541 5715 V
1578 5669 1643 5727 (m
1680 5669 1826 5728 cras.)
2065 5667 2125 5716 13
2164 5670 2342 5718 soliare
2391 5670 2441 5730 V,
2486 5672 2661 5718 saliare
2698 5669 2862 5730 Luyd.
3077 5684 3192 5717 rura
3240 5669 3295 5729 V,
3335 5684 3460 5717 cena
3495 5668 3657 5729 Luyd.
3700 5670 3859 5730 volyo,
3901 5683 4022 5716 eura

755 5754 1025 5802 Mommsen
1061 5758 1105 5801 et
1142 5754 1317 5802 Hartel
1528 5754 1709 5818 dapilis
1757 5755 1808 5818 V,
1852 5755 2044 5818 dapalis
2082 5754 2246 5815 Luyd.
