4630 6435
1945 422 2406 478 PROOEMIVM.
2665 426 2674 430 ”
3645 422 3802 484 XIX

3849 630 3863 663 )
3867 638 3998 666 00000
4000 626 4143 665 dicum

719 646 793 710 In
857 646 1065 730 priore
1113 646 1398 710 codicum
1447 666 1722 730 genere,
1789 646 1959 728 quod
2004 646 2218 711 littera
2263 670 2317 707 ω
2369 644 2758 728 significavi,
2828 644 2892 708 hi
2939 644 3145 710 libelli
3191 645 3362 726 iique
3410 645 3530 710 boc
3575 647 3799 712 ordine
3827 627 4003 728 {onom
4045 677 4146 717 libri

551 767 851 850 leguntur
868 792 879 830 :

716 887 1122 953 epigrammata
1155 889 1195 949 1,
1228 892 1257 939 2
1289 889 1510 952 (desunt
1534 906 1589 941 v.
1627 890 1791 951 1—5),
1834 890 1863 937 3
1898 888 2081 950 (deest
2107 903 2160 938 v.
2190 889 2265 946 ὅ),
2306 887 2357 948 4,
2388 888 2435 947 6,
2468 887 2517 947 7,
2560 885 2713 953 [epit.
2747 884 2915 939 XVII
2945 889 3047 952 30],
3088 888 3137 947 8,
3169 887 3251 948 41,
3300 887 3389 950 [de
3428 884 3593 942 fastis
3631 888 3800 941 XXII

1373 975 1418 1038 1,
1463 978 1512 1036 3,
1552 976 1628 1038 4],
1668 976 1718 1032 5,
1760 976 1808 1035 9,
1856 974 1935 1033 10,
1982 974 2060 1035 11,
2102 972 2256 1038 [epit.
2299 970 2466 1026 XVII
2506 972 2604 1035 34],
2654 972 2871 1035 12-25,
2916 974 2999 1036 28,
3042 974 3124 1035 29,
3168 974 3391 1033 31-35,
3439 974 3592 1041 [epit.
3635 974 3799 1028 lel

1369 1061 1470 1123 3¹1,
1515 1061 1598 1121 26,
1640 1060 1723 1119 27,
1767 1062 1850 1120 36,
1893 1060 1975 1121 37,
2020 1062 2103 1120 39,
2146 1060 2231 1117 40,
2261 1057 2486 1119 42—44,
2524 1058 2746 1117 «to—48,
2788 1057 2922 1125 [epit
2971 1057 3264 1122 xv11351,
3314 1059 3796 1125 [epit.XV11291„

1369 1148 1434 1195 50
1474 1145 1697 1207 (dosunt
1720 1162 1812 1200 vv.
1844 1146 2014 1207 3—6),
2058 1144 2281 1205 51—-63,
2323 1146 2389 1194 64
2427 1143 2607 1205 (deest
2628 1160 2682 1197 v.
2714 1145 2780 1205 (ἱ),
2823 1144 3048 1207 65-71,
3090 1145 3314 1208 74-79,
3345 1148 3428 1210 45,
3459 1148 3680 1207 ‘so—95,
3713 1148 3796 1207 38,

1369 1234 1451 1290 96,
1494 1233 1579 1294 97,
1621 1231 1705 1292 30,
1746 1231 1985 1281 98—106

716 1326 931 1378 Versus
968 1325 1266 1394 paschales
1305 1325 1506 1389 (VIIII)

717 1420 995 1487 epistulae
1033 1421 1191 1485 VIII,
1234 1422 1305 1485 X,
1347 1421 1430 1474 XI
1469 1423 1614 1490 (post
1650 1420 1825 1475 verba
1866 1421 2068 1473 ‘semel
2106 1419 2540 1482 erubescerem’,
2582 1418 2654 1472 cf.
2687 1437 2738 1473 v.
2778 1420 2853 1482 16,
2897 1420 3168 1473 insertum
3207 1428 3295 1475 est
3331 1439 3400 1475 ex
3425 1423 3650 1477 Bissula
3683 1439 3802 1476 car-

1368 1523 1493 1560 men
1547 1505 1671 1560 ‘Ad
1710 1508 1976 1560 lectorem
2013 1506 2181 1560 huius
2219 1507 2423 1560 libelli‘
2464 1504 2629 1560 XXV
2667 1508 2745 1567 3),
2800 1504 3048 1570 XVIIII,
3104 1508 3334 1569 XVIII,
3388 1510 3555 1573 XXI,
3610 1510 3796 1569 XXII,

1323 1610 1329 1617 ·
1370 1593 1496 1656 XV,
1540 1593 1694 1658 XVI,
1738 1593 1866 1654 XII,
1908 1591 2065 1652 XIII,
2108 1593 2280 1646 XIIII

714 1686 1069 1741 monosticha
1105 1688 1177 1740 dc
1215 1689 1497 1741 aerumnis
1535 1689 1796 1741 Herculis
1835 1686 2125 1751 (XXXIII)

716 1783 992 1836 Caesares
1031 1783 1184 1837 (XXI
1228 1785 1285 1847 1;
1327 1786 1376 1847 2,
1420 1784 1638 1847 53—76)

721 1875 1062 1944 epigramma
1103 1878 1196 1928 107

717 1972 1056 2041 Eglogarum
1099 1973 1275 2028 libelli
1318 1975 1401 2038 (V)
1443 1989 1668 2027 carmen
1705 1973 2062 2027 undecimum

720 2069 1122 2136 epigrammata
1166 2071 1430 2121 108—114

714 2163 1033 2218 Gratiarum
1069 2165 1220 2218 actio
1259 2165 1432 2229 (VIII)

712 2254 1222 2324 Technopaegnion
1262 2258 1502 2316 (XXVII
1541 2260 1729 2320 2—11,
1777 2260 1873 2320 13),
1914 2257 2163 2324 Griphus
2202 2257 2448 2322 (XXVI).
2493 2258 2673 2311 Cento
2709 2259 2980 2327 nuptialis
3021 2259 3306 2321 (XXVIII)

715 2351 994 2417 epistulae
1032 2351 1141 2404 1111
1180 2353 1401 2415 (desunt
1437 2370 1530 2407 vv.
1571 2355 1637 2401 69
1676 2358 1733 2405 et
1770 2354 1851 2415 87)
1892 2357 1951 2405 ct
1988 2351 2095 2404 XX

717 2444 978 2498 Precatio
1015 2446 1291 2499 matutina
1331 2446 1527 2510 (oratio
1565 2447 1620 2499 in
1656 2445 2032 2513 Ephemeride
2071 2444 2185 2498 1111
2223 2446 2290 2507 3),
2332 2445 2540 2499 desunt
2577 2463 2671 2501 vv.
2712 2446 2880 2496 8-16

712 2539 1029 2607 Epicedion
1066 2541 1166 2604 (XI
1207 2544 1263 2604 2;
1308 2542 1516 2595 omissa
1553 2546 1640 2596 est
1674 2539 1979 2609 praefatio;
2025 2541 2231 2595 desunt
2269 2559 2361 2596 vv.
2411 2541 2625 2601 13—16,
2673 2541 2891 2600 19-26,
2935 2540 3156 2598 29-34,
3201 2542 3264 2588 39
3302 2544 3360 2592 et
3398 2543 3480 2600 40,
3524 2543 3604 2603 43)

713 2635 1097 2702 Protrepticus
1136 2635 1321 2700 (X1112
1362 2636 1419 2689 in
1456 2634 1808 2703 praefatione
1845 2637 2055 2689 omissa
2090 2642 2224 2688 sunt
2256 2636 2437 2690 verba
2478 2637 2597 2689 ‘est
2626 2676 2637 2687 .
2670 2676 2681 2686 .
2717 2677 2728 2688 .
2759 2635 3102 2689 indicaturo’
3142 2650 3194 2687 v.
3234 2637 3284 2698 5,
3330 2635 3416 2688 ‘in
3452 2635 3541 2689 bis
3572 2677 3582 2687 .
3617 2677 3627 2689 .
3664 2678 3672 2686 .
3705 2638 3794 2690 ut'

1363 2741 1417 2778 v.
1451 2725 1497 2784 7,
1560 2726 1654 2776 ‘ut
1688 2723 1933 2791 graciles
1960 2764 1973 2775 .
2005 2764 2017 2776 .
2051 2763 2063 2776 .
2095 2723 2177 2776 ut’
2215 2737 2271 2776 ν.
2307 2724 2395 2788 19;
2438 2722 2493 2775 in
2533 2723 2659 2775 cod.
2691 2720 2970 2775 Vossiano
2996 2722 3043 2786 Q
3073 2723 3166 2772 107
3203 2726 3527 2790 praeterea:
3574 2723 3796 2776 ‘vincto

1362 2808 1636 2876 pectore)'

713 2902 933 2970 Cupido
972 2902 1258 2957 cruciatus
1298 2902 1567 2968 (XXIIII,
1612 2903 1776 2959 deest
1810 2922 1866 2959 v.
1906 2905 1986 2965 25)

711 2995 937 3050 Bissula
976 2996 1193 3059 (XXV),
1235 2999 1480 3052 carmine
1516 2999 1616 3052 illo
1653 2999 1725 3052 ad
1766 2999 2032 3052 lectorem
2070 3002 2328 3065 exceptO,
2371 2998 2524 3067 quod
2561 2997 2841 3064 epistulae
2879 2996 3211 3049 undecimae
3249 2996 3517 3050 insertum
3555 3011 3681 3049 csse
3708 3011 3798 3050 su-

1361 3099 1463 3153 pra
1501 3085 1762 3139 diximus.

712 3185 831 3250 Hic
874 3184 1072 3269 igitur
1115 3188 1564 3271 opusculorum
1612 3189 2007 3272 singulorum
2052 3188 2120 3253 in
2166 3187 2482 3270 omnibus,
2534 3186 2645 3271 qui
2689 3185 2883 3251 huius
2929 3183 3183 3269 generis
3231 3191 3412 3267 sunt,
3467 3184 3795 3251 codicibus

541 3313 641 3372 est
685 3306 840 3371 ordo
884 3327 961 3371 ac
1006 3306 1317 3372 condicio.
1400 3309 1871 3392 epigrammata
1913 3309 2232 3392 quaedam
2278 3309 2451 3375 male
2496 3328 2636 3373 cum
2683 3306 2832 3372 aliis
2877 3306 3233 3385 coniuncta,
3289 3305 3421 3370 alia
3449 3306 3795 3390 epistulas-

539 3447 664 3508 que
719 3425 1036 3509 quasdam
1095 3426 1496 3494 librariorum
1552 3430 1845 3495 socordia
1890 3436 2004 3495 aut
2045 3429 2407 3495 temeritate
2451 3429 2518 3493 in
2565 3429 2729 3493 duas
2776 3427 2877 3492 vel
2924 3426 3142 3510 plures
3186 3425 3350 3489 adeo
3395 3433 3611 3509 partes
3657 3426 3789 3491 dis-

538 3544 707 3609 cissa
751 3565 895 3611 esse
940 3566 1065 3610 non
1112 3553 1210 3612 est
1254 3548 1424 3630 quod
1470 3548 1833 3615 accuratius
1880 3548 1998 3614 hoc
2042 3550 2181 3614 loco
2227 3569 2579 3632 exponam,
2647 3568 2788 3612 cum
2836 3545 2918 3611 de
2963 3545 3065 3610 his
3109 3544 3301 3610 rebus
3348 3545 3507 3610 satis
3553 3545 3791 3610 dictum

540 3665 624 3730 sit
667 3664 736 3730 in
782 3667 1254 3731 commentariis
1300 3675 1495 3749 atque
1539 3668 1605 3732 in
1652 3668 1799 3732 aliis
1845 3668 2171 3734 codicibus
2216 3668 2352 3733 alia
2395 3667 2537 3733 eius
2581 3667 2755 3731 modi
2802 3665 2960 3731 vitia
3003 3664 3432 3729 inveniantur.

711 3785 894 3863 Quod
941 3785 997 3849 si
1041 3786 1353 3868 tabulam,
1405 3809 1599 3870 quam
1645 3787 1831 3853 modo
1877 3789 2349 3873 proposuimus,
2401 3786 2924 3872 perlustraveris,
2978 3785 3192 3850 inesse
3236 3784 3304 3849 in
3349 3785 3472 3849 hac
3516 3805 3791 3868 opuscu—

537 3906 739 3970 lorum
800 3906 966 3972 serie
1020 3906 1175 3971 iusti
1230 3906 1508 3989 ordinis,
1583 3927 1708 3989 quo
1767 3908 1917 3972 olim
1987 3908 2300 3994 disposita
2365 3913 2580 3988 erant,
2653 3906 2933 3989 vestigia
2996 3906 3367 3988 intellegeS,
3443 3906 3558 3970 sed
3623 3906 3792 3971 hunc

541 4026 827 4091 ordinem
887 4026 971 4091 ab
1029 4046 1136 4107 eo,
1205 4027 1315 4110 qui
1375 4027 1490 4092 hos
1534 4028 1787 4093 libellos
1833 4049 1915 4094 ex
1958 4029 2269 4113 ampliore
2315 4029 2762 4113 opusculorum
2808 4026 3318 4092 Ausonianorum
3365 4046 3629 4110 corpore
3674 4025 3790 4092 de-

540 4153 792 4230 cerptos
847 4145 914 4209 in
974 4144 1269 4230 florilegii
1329 4148 1585 4213 modum
1646 4149 2029 4233 composuit,
2096 4149 2317 4214 multis
2370 4147 2530 4214 locis
2586 4148 2910 4212 turbatum
2971 4165 3136 4212 esse.
3231 4146 3300 4212 id
3344 4146 3515 4228 quod
3559 4147 3661 4211 vel
3708 4167 3789 4212 ex
3846 4155 3852 4222 1

541 4265 1072 4349 epigrammatum
1132 4267 1297 4332 libro
1342 4267 1514 4333 male
1561 4268 1872 4352 disposito
1918 4275 1983 4333 et
2026 4269 2408 4348 dilacerato,
2478 4288 2557 4333 ex
2605 4267 2903 4351 epistulis
2945 4273 3185 4332 temere
3229 4265 3534 4332 coniectis
3578 4286 3787 4349 neque

534 4385 600 4450 in
666 4407 863 4451 unum
930 4387 1314 4452 consociatis
1380 4388 1725 4471 colligitur.
1820 4389 1992 4472 quod
2056 4395 2270 4454 autem
2341 4387 2474 4452 dixi
2532 4387 2653 4453 hac
2714 4387 2965 4471 sylloge
3025 4392 3327 4470 excerpta
3384 4406 3464 4450 ex
3524 4406 3788 4470 corpore

536 4506 848 4591 ampliore
893 4507 1230 4587 contineri,
1283 4508 1350 4573 id
1396 4506 1802 4573 confirmatur
1846 4530 1957 4591 eo,
2009 4510 2181 4591 quod
2226 4509 2292 4574 in
2337 4509 2455 4574 illa
2499 4507 2716 4573 Oratio
2765 4508 2907 4572 sola
2950 4506 3187 4589 legitur
3231 4527 3310 4572 ex
3356 4506 3787 4590 Ephemeride

536 4624 940 4710 deprompta.
1035 4648 1186 4693 nam
1233 4628 1601 4694 Orationem
1645 4629 1776 4694 iam
1821 4635 1970 4693 ante
2016 4629 2438 4713 conscriptam
2469 4627 2884 4712 Ephemeridi
2930 4626 3148 4692 multis
3193 4627 3383 4691 annis
3427 4632 3571 4710 post
3612 4647 3784 4692 com—

536 4743 782 4829 positae
826 4746 1134 4811 insertam
1181 4766 1361 4829 esse,
1426 4748 1494 4812 id
1541 4749 1712 4832 quod
1756 4748 2119 4832 suspicatus
2165 4754 2265 4813 est
2307 4748 2704 4814 Brandesius
2750 4769 2814 4832 p.
2868 4749 2981 4830 73,
3032 4745 3363 4811 minimam
3407 4745 3604 4810 habet
3648 4747 3784 4812 veri

537 4864 839 4949 speciem.
932 4866 1127 4931 immo
1183 4869 1381 4933 multo
1437 4869 1573 4934 veri
1633 4868 1907 4934 similius
1965 4875 2064 4933 est
2108 4867 2541 4952 precationem
2586 4868 2768 4932 illam
2814 4887 2893 4932 ex
2938 4865 3369 4950 Ephemeride
3414 4866 3781 4950 decerptam

533 5004 678 5050 esse
723 4985 953 5051 eodem
999 4986 1209 5067 mod0,
1263 5007 1389 5069 quo
1435 5008 1691 5053 carmen
1734 4988 1902 5053 illud
1949 5010 2088 5053 cum
2122 4988 2374 5053 Paulini
2421 4987 2704 5053 oratione
2749 4986 3153 5052 coniunctum
3194 4985 3259 5049 in
3292 4985 3582 5051 Parisino
3614 4991 3781 5051 7588

533 5105 790 5189 legitur.
883 5106 1055 5172 adde
1118 5108 1287 5189 quod
1330 5109 1670 5175 Brandesii
1728 5109 2127 5175 coniecturae
2186 5109 2399 5174 obstat
2454 5107 2781 5192 inscriptio
2840 5106 3164 5172 Orationis
3224 5106 3290 5170 in
3339 5130 3391 5169 ω
3462 5106 3782 5173 ‘Precatio

532 5227 871 5292 matutina'
931 5227 1014 5309 (in
1062 5226 1605 5311 cantabrigiensi,
1659 5228 1741 5294 cf.
1788 5251 1852 5314 p.
1899 5230 2146 5310 XXIX,
2212 5229 2466 5295 ‘Oratio
2511 5227 2911 5308 matutina');
2966 5247 3116 5291 nam
3161 5227 3325 5293 illud
3377 5229 3771 5308 ‘matutina',

532 5346 656 5411 nisi
703 5345 768 5410 id
815 5366 1070 5412 carmen
1117 5367 1197 5411 ex
1243 5348 1671 5432 Ephemeride
1717 5349 2161 5434 depromptum
2207 5369 2352 5415 esse
2399 5355 2665 5428 statuas,
2721 5346 3032 5431 explicari
3076 5368 3203 5412 non
3248 5353 3477 5432 potest.

4178 691 4213 716 ω

708 5466 839 5532 Sed
895 5467 1028 5531 iam
1087 5487 1203 5532 nos
1261 5467 1348 5533 ad
1405 5468 1695 5552 singulos
1753 5469 1949 5535 libros
1994 5468 2449 5535 describendos
2495 5475 2974 5548 convertamus,
3041 5468 3105 5532 in
3153 5468 3383 5552 quibus
3426 5468 3778 5553 principem
3806 5454 4191 5556 3⁰{b7‘J0-13232ss51,

532 5587 743 5652 locum
798 5594 1022 5654 tenent
1080 5588 1420 5654 Leidensis
1480 5596 1546 5655 et
1601 5589 2256 5673 Magliabecchianus.
2354 5589 2554 5655 codex
2612 5588 2982 5667 Leidensis,
3049 5589 3464 5654 Vossianus
3524 5589 3582 5667 Q
3632 5593 3774 5672 107,
3808 5560 3882 5610 ‘T'

532 5707 856 5788 quondam
900 5708 1088 5773 Voss.
1140 5709 1250 5773 lat.
1310 5712 1449 5784 191,
1515 5710 1789 5794 scriptus
1834 5712 2091 5776 saeculo
2138 5710 2278 5790 XV,
2347 5709 2726 5774 chartaceus
2771 5716 2906 5790 est,
2972 5708 3214 5774 formae
3259 5708 3613 5790 quadratae
3660 5709 3780 5772 mi-

3298 5829 3372 5879 c*
