4630 6435
411 3200 468 3241 10

1489 400 1807 455 BISSVLA
1847 401 2072 463 (XXV).
2148 394 2476 456 GRIPHVS
2520 402 2780 466 (XXVI).
3642 403 3762 463 127

1177 590 1431 676 sandyx
1477 597 1542 656 et
1585 610 1849 657 cerussa
1892 592 2058 657 alias
2106 591 2408 657 simulate
2454 591 2740 676 puellas:

1173 696 1546 781 temperiem
1594 696 1758 761 hanc
1803 696 2018 762 vultus
2065 696 2266 761 nescit
2310 688 2561 761 manus.
2655 715 2810 778 ergo
2856 714 3015 777 age,
3069 694 3299 778 pictor,

1041 819 1066 857 a
1175 799 1483 883 puniceas
1530 799 1848 865 confunde
1893 819 2073 865 rosas
2119 806 2184 865 et
2229 799 2371 865 lilia
2414 799 2646 880 misce,

1175 902 1410 985 quique
1456 903 1578 968 erit
1621 923 1702 968 ex
1746 903 1879 968 illis
1925 904 2099 967 color
2142 903 2345 983 aeris,
2401 903 2541 987 ipse
2589 903 2672 968 sit
2716 902 2867 967 oris.

1807 1126 1871 1191 7.
1918 1127 2036 1192 AD
2080 1125 2465 1191 EVNDEM.

1183 1283 1457 1365 Pingere
1504 1282 1560 1346 si
1604 1289 1922 1355 nostram,
1976 1282 2212 1366 pictor,
2268 1281 2599 1346 meditaris
2646 1282 3010 1361 alumnam,
3670 1302 3762 1351 331

1351 1385 1609 1450 aemula
1655 1384 2005 1469 Cecropias
2051 1404 2156 1449 ars
2203 1384 2488 1451 imitetur
2530 1405 2708 1469 apes,

1684 1912 2002 2010 XXVI.
2086 1911 2586 2010 GRIPHVS.

1600 2107 1661 2173 l.
1714 2109 2138 2175 AVSONIVS
2185 2108 2682 2174 SYMMACHO.

685 2249 959 2314 Latebat
1002 2248 1169 2314 inter
1211 2266 1420 2331 nugas
1466 2266 1646 2312 meas
1690 2246 1952 2312 libellus
1996 2246 2336 2327 ignobilis:
2390 2247 2761 2328 utinamque
2807 2247 3105 2313 latuisset
3149 2268 3356 2330 neque
3387 2248 3622 2313 indicio
3653 2268 3769 2312 suo
3807 2262 3980 2394 ῗὲῗὶω)

505 2359 833 2434 tamquam
894 2371 1081 2417 sorex
1140 2351 1398 2436 periret.
1494 2350 1661 2414 hunc
1721 2369 1841 2433 ego
1903 2369 2047 2414 cum
2107 2349 2285 2414 velut
2331 2349 2736 2432 gallinaceus
2780 2350 3108 2415 Euclionis
3168 2351 3293 2416 situ
3340 2351 3579 2416 chartei
3625 2351 3770 2435 pul-

506 2455 680 2520 veris
726 2456 1073 2537 eruissem,
1143 2474 1482 2521 excussum
1530 2453 1731 2536 relegi
1780 2459 1973 2537 atque
2021 2459 2091 2516 ut
2134 2451 2368 2518 avidus
2415 2451 2779 2519 faenerator
2823 2453 3160 2538 inprobum
3206 2474 3531 2518 nummum
3577 2454 3775 2519 malui

507 2578 824 2643 occupare
868 2579 1060 2640 quam
1108 2558 1408 2623 condere.
1504 2557 1656 2622 dein
1701 2557 1993 2640 cogitans
2037 2576 2308 2637 mecum,
2363 2576 2487 2620 non
2533 2557 2697 2622 illud
2728 2557 3160 2622 Catullianum
3216 2557 3373 2623 ‘Cui
3419 2558 3583 2623 dono
3614 2558 3776 2642 lepi-

509 2661 662 2726 dum
708 2682 939 2728 novum
988 2662 1331 2743 libellum',
1385 2668 1483 2726 set
1530 2656 1933 2746 ἀμουσότερον
1979 2667 2045 2726 et
2088 2659 2303 2724 verius
2359 2659 2514 2724 ‘Cui
2546 2658 2711 2724 dono
2742 2659 3117 2743 inlepidum,
3171 2660 3395 2726 rudem
3430 2661 3769 2740 libellum’,

508 2784 637 2829 non
696 2764 806 2829 diu
861 2763 1176 2847 quaesivi.
1273 2771 1341 2828 tu
1401 2764 1572 2829 enim
1631 2762 1991 2841 occurristi,
2067 2782 2255 2845 quem
2317 2782 2473 2844 ego,
2541 2761 2593 2825 si
2654 2762 2812 2827 mihi
2871 2770 3156 2847 potestas
3214 2764 3298 2828 sit
3358 2784 3437 2828 ex
3483 2765 3778 2829 omnibus

509 2867 863 2949 deligendi,
917 2888 1113 2931 unum
1159 2887 1413 2952 semper
1456 2868 1785 2950 elegerim.
1881 2866 2028 2930 misi
2073 2865 2290 2948 itaque
2322 2865 2406 2929 ad
2437 2872 2500 2930 te
2530 2865 2693 2931 haec
2723 2864 2954 2930 frivola
2983 2866 3187 2949 gerris
3219 2866 3456 2931 Siculis
3487 2867 3771 2947 vaniora,

510 2978 581 3035 ut
626 2990 772 3035 cum
817 2970 961 3054 agis
1006 2970 1189 3052 nihil,
1245 2971 1406 3036 haec
1450 2972 1633 3055 legas
1679 2978 1763 3053 et,
1815 2991 1897 3035 ne
1944 2969 2102 3034 nihil
2134 2988 2315 3052 aga8‚
2372 2968 2708 3034 defendas.
2804 2969 3003 3052 igitur
3030 2969 3154 3035 iste
3184 2976 3460 3053 nugator
3489 2970 3771 3051 libellus,

509 3073 638 3139 iam
687 3074 799 3138 diu
845 3081 1094 3139 secreta
1137 3073 1419 3156 quidem,
1473 3074 1589 3140 sed
1636 3074 1816 3157 vulgi
1861 3074 2133 3139 lectione
2181 3073 2522 3155 laceratae,
2576 3072 2910 3157 perveniet
2952 3072 3214 3137 tandem
3247 3072 3312 3137 in
3346 3094 3574 3139 manus
3604 3081 3773 3138 tuas.

509 3197 704 3260 quem
763 3184 832 3243 tu
890 3185 1001 3243 aut
1062 3184 1132 3243 ut
1186 3177 1615 3262 Aesculapius
1670 3175 2140 3262 redintegrabis
2202 3176 2287 3242 ad
2350 3176 2547 3241 vitam
2615 3183 2729 3243 aut
2793 3183 2862 3242 ut
2919 3176 3102 3242 Plato
3171 3176 3432 3242 iuvante
3491 3177 3779 3243 Vulcano

513 3281 823 3346 liberabis
865 3281 1173 3362 infamia,
1228 3282 1284 3345 si
1330 3281 1664 3366 pervenire
1711 3302 1837 3346 non
1883 3281 2074 3348 debet
2118 3281 2204 3346 ad
2250 3280 2511 3346 famam.
2609 3281 2730 3347 fuit
2772 3287 2985 3346 autem
3035 3280 3381 3364 ineptiolae
3427 3281 3617 3346 huius
3648 3280 3775 3344 ista

697 3519 752 3573 7.
827 3524 856 3572 2
897 3526 1050 3584 Verg.
1094 3523 1269 3583 Georg.
1316 3525 1416 3572 1111
1459 3523 1552 3572 177
1592 3525 1855 3586 Cecropias
1893 3561 1906 3574 .
1942 3562 1953 3572 .
1987 3561 1997 3572 .
2040 3538 2159 3586 apes

689 3609 882 3659 XXVI.
941 3605 1000 3660 1.
1043 3609 1059 3657 1
1108 3608 1290 3660 Catull.
1338 3609 1386 3674 1,
1426 3611 1456 3658 3
1496 3626 1710 3673 namque
1748 3616 1805 3659 tu
1844 3612 2034 3660 solebas
2073 3625 2209 3659 meas
2244 3623 2356 3657 esse
2395 3610 2588 3672 aliquid
2625 3616 2801 3673 putare
2840 3624 2999 3669 nugas
3207 3609 3322 3659 Ter.
3364 3610 3497 3658 Eun.
3540 3609 3585 3656 V
3623 3609 3674 3671 6,
3717 3607 3781 3657 23

521 3695 690 3758 (1024)
736 3703 933 3756 egomet
968 3711 1077 3747 meo
1112 3698 1298 3746 indicio
1334 3700 1489 3745 miser
1523 3700 1669 3760 quasi
1706 3711 1853 3749 sorex
1890 3697 2039 3746 hodie
2074 3699 2200 3759 perii
2414 3696 2444 3745 2
2482 3697 2649 3745 Plaut.
2693 3698 2869 3745 Aulul.
2908 3697 2985 3744 111
3023 3697 3071 3756 4,
3117 3696 3148 3746 6
3174 3711 3282 3758 sqq.
3331 3695 3445 3756 (457
3474 3697 3605 3758 sqq.)
3648 3693 3783 3762 [Eu-

514 3778 634 3848 clio]
681 3783 929 3841 condigne
966 3785 1123 3831 etiam
1159 3797 1302 3833 meus
1340 3797 1419 3831 me
1454 3785 1595 3832 intus
1632 3785 1795 3845 gallus
1844 3785 2184 3846 gallinaceus,
2241 3785 2333 3845 qui
2370 3790 2477 3832 erat
2512 3784 2632 3830 anui
2670 3784 2970 3845 peculiaris,
3018 3783 3241 3844 perdidit
3276 3784 3618 3845 paenissume.
3695 3784 3783 3831 ubi

515 3875 624 3916 erat
660 3867 782 3916 haec
817 3869 1034 3930 defossa,
1074 3871 1267 3931 occepit
1301 3871 1375 3917 ibi
1412 3871 1714 3932 scalpurrire
1751 3872 1955 3931 ungulis
1992 3871 2310 3918 circumcirca
2553 3868 2585 3918 4
2624 3869 2806 3918 Catuli.
2854 3869 2897 3932 1,
2946 3869 2963 3917 1
3010 3870 3136 3928 Quoi
3172 3869 3300 3917 dono
3336 3870 3558 3932 lepidum
3598 3882 3782 3917 novum

520 3953 748 4002 libellum
965 3953 993 4001 7
1021 3969 1129 4016 sqq.
1175 3958 1394 4003 imitatus
1428 3961 1497 4003 cst
1534 3956 1862 4017 compluribus
1897 3957 2013 4004 locis
2049 3957 2367 4018 Symphoaius
2402 3959 2457 4005 in
2486 3959 2690 4017 proloqu

693 4179 723 4228 3
761 4181 958 4228 sandux
1004 4179 1045 4226 T
1074 4185 1121 4227 ct
1155 4197 1198 4246 μ
1242 4182 1343 4245 (-ix
1379 4177 1495 4242 m2),
1536 4182 1721 4230 sandus
1762 4181 1832 4242 M,
1880 4184 2060 4230 sandix
2095 4182 2182 4247 χΕ
2386 4197 2559 4231 cerusa
2600 4182 2641 4228 T
2849 4181 3108 4230 stimulate
3154 4180 3196 4227 T
3405 4180 3437 4229 6
3474 4181 3705 4243 quodque
3749 4180 3791 4227 T

697 4262 752 4317 7.
825 4267 905 4314 Ad
941 4269 1180 4328 pictorem
1219 4267 1282 4315 de
1318 4268 1511 4315 bissula
1558 4269 1810 4330 pingenda
1854 4268 2122 4330 (pingenda
2158 4281 2255 4318 om.
2298 4270 2429 4332 muv)
2476 4268 2710 4329 Tmqu'‚
2761 4268 2838 4316 Ad
2882 4269 3123 4329 pictorem
3162 4268 3224 4315 de
3261 4268 3431 4316 eadem
3467 4284 3538 4335 μ,
3588 4281 3788 4316 cannen

520 4368 620 4404 om.
666 4352 740 4416 M,
782 4353 859 4401 Ad
900 4353 1116 4401 eundem
1160 4353 1268 4402 Tell

690 4439 885 4489 XXVI.
980 4435 1039 4490 l·
1103 4441 1364 4489 Ausonius
1401 4441 1661 4491 Summaco
1703 4442 1893 4505 (minio,
1944 4442 2093 4490 Prosa
2128 4441 2245 4489 add.
2287 4447 2383 4491 atr.
2423 4442 2586 4503 πίω-ο)
2637 4442 2694 4504 Υ,
2744 4441 2969 4504 Epistola
3003 4441 3217 4489 Ausonii
3266 4441 3324 4488 acl
3366 4439 3681 4499 symmacum
3722 4440 3780 4500 P,

516 4526 664 4588 luci?
700 4525 918 4588 Orippus
955 4528 1017 4575 de
1053 4529 1272 4575 ternario
1308 4531 1423 4575 m'io.
1467 4528 1726 4575 Ausonius
1764 4528 1956 4577 Simaco
1991 4529 2080 4577 sal.
2127 4527 2446 4590 (Symmacho
2471 4529 2692 4577 Salutem
2722 4528 2778 4587 Ε)
2814 4527 2920 4589 ΤΕ,
2958 4528 3214 4576 Ausonius
3254 4525 3461 4585 Symaco
3499 4541 3538 4576 s.
3569 4541 3620 4588 p.
3653 4527 3702 4576 d.
3732 4542 3783 4587 v,

516 4613 716 4660 nullum
751 4613 932 4660 lemma
971 4609 1088 4661 λπια
1406 4612 1428 4661 1
1469 4614 1680 4662 la&ebat
1725 4614 1766 4661 V
1802 4615 1941 4674 (corr.
1984 4611 2101 4675 m2),
2139 4615 2321 4662 latebit
2358 4613 2404 4660 P
2705 4614 2940 4674 ignobilis
2977 4628 3076 4662 *n
3127 4613 3168 4660 V
3205 4614 3421 4674 (erasum
3457 4627 3557 4661 ease
3592 4613 3788 4662 videtur

519 4700 596 4745 uti
635 4700 688 4745 in
722 4714 772 4745 v.
812 4699 929 4761 ult.)
1194 4702 1490 4762 utinamque
1538 4701 1581 4747 V
1618 4702 1831 4764 (utinam
1868 4697 1944 4748 m2
1979 4703 2035 4748 in
2068 4701 2192 4762 raa.)
2465 4700 2496 4749 2
2534 4706 2775 4762 tanquam
2813 4698 2842 4749 λ
3111 4714 3257 4748 sorex
3301 4698 3344 4744 V
3381 4695 3471 4760 (m2
3507 4702 3561 4748 in
3595 4716 3642 4748 υ.
3684 4701 3782 4748 ult.

520 4789 574 4833 in
611 4785 717 4832 loeo
754 4784 1005 4891 evanidou
1023 4785 1198 4834 deinde
1232 4801 1332 4836 ras,
1374 4788 1403 4834 7
1445 4789 1574 4850 liu.;
1615 4802 1739 4836 eras.
1783 4789 1969 4849 periret
2004 4790 2057 4835 in
2092 4803 2141 4834 v.
2182 4788 2297 4848 ult.)
2528 4789 2664 4836 sorix
2704 4786 2750 4833 P
2784 4787 2830 4849 (e
2867 4801 2924 4835 ex
2959 4789 2975 4835 i
3015 4785 3102 4847 m2)
3317 4769 3425 4849 (ἷιιίἶ
3469 4787 3510 4833 Υ
3547 4788 3589 4848 (e
3622 4783 3714 4847 m2)

520 4906 691 4955 uelutc
733 4905 779 4967 (c
814 4905 935 4967 del.)
976 4898 1281 4955 callineceus
1323 4907 1368 4970 (e
1403 4923 1482 4968 pr.
1523 4907 1645 4970 del.)
1685 4908 1915 4957 uedionis
1954 4908 2058 4955 situ
2101 4908 2143 4954 T
2183 4909 2255 4968 (in
2289 4922 2391 4968 my.
2432 4907 2453 4956 1
2488 4909 2674 4969 gallina
2712 4923 2801 4957 ceu
2840 4922 3019 4956 saeuae
3056 4909 3220 4957 dionis
3258 4910 3379 4971 situ)
3663 4922 3785 4956 eue-

519 4993 687 5041 dionis
726 4990 878 5054 λὶυΕ,
916 5006 1012 5042 om.
1053 5008 1140 5041 mu
1419 4998 1500 5041 stu
1552 4994 1591 5040 V
1852 4995 2005 5042 cartei
2057 4994 2108 5055 V,
2150 4993 2317 5042 charte
2355 4993 2417 5055 P,
2457 4994 2647 5042 carthei
2689 4992 2755 5044 Τλ
3027 4995 3256 5056 pulueris
3303 4994 3344 5041 V
3380 4995 3421 5056 (s
3456 4992 3531 5044 m2
3569 4997 3622 5043 in
3656 4995 3784 5054 ras.)

521 5113 551 5161 :3
589 5114 749 5176 adque
793 5114 836 5160 V
1038 5114 1288 5161 fenerator
1333 5114 1434 5175 VP,
1473 5116 1755 5162 foenerator
1798 5112 1869 5163 Τλ
2098 5115 2383 5175 improbum
2422 5113 2508 5162 Ρω
2741 5097 2931 5162 nullm*
2978 5116 3019 5162 V
3055 5107 3120 5176 (ὦ
3157 5112 3233 5163 m²
3268 5118 3323 5163 in
3356 5115 3504 5176 raa),
3545 5118 3704 5162 numii
3751 5115 3792 5162 T

520 5199 553 5247 4
590 5215 654 5248 aa
693 5196 1054 5263 deincolgitans
1101 5201 1143 5247 V
1180 5200 1342 5262 (deinc
1376 5205 1421 5248 et
1460 5206 1482 5248 t
1518 5203 1572 5248 in
1605 5214 1703 5251 raa.
1745 5198 1835 5261 m2,
1877 5215 1904 5248 o
1940 5205 1986 5249 et
2022 5202 2072 5261 gi
2110 5203 2165 5249 in
2200 5216 2299 5261 my.
2344 5199 2458 5249 add.
2500 5198 2589 5262 m2)
2856 5202 2975 5249 illut
3020 5202 3061 5248 V
3097 5202 3147 5262 (d
3182 5199 3272 5262 m2)
3532 5185 3789 5250 catulianfi

531 5287 612 5334 VP
814 5277 946 5348 (10ηὲ
981 5269 1224 5348 lepindfi
1271 5287 1315 5334 V
1353 5287 1396 5348 (o
1420 5291 1465 5334 et
1489 5287 1540 5348 pi
1564 5283 1654 5346 m2)
1871 5286 1901 5333 5
1939 5287 2216 5335 lelibellum
2259 5287 2301 5333 T
2345 5288 2409 5349 (le
2435 5286 2554 5350 del.)
2772 5293 2851 5336 set
2897 5288 2935 5334 V
2974 5288 3023 5348 (d
3048 5284 3165 5350 m2),
3204 5288 3291 5335 sed
3328 5293 3416 5336 cet.
3631 5302 3789 5337 amor·

522 5373 753 5421 cotberon
789 5373 840 5436 T,
884 5388 1217 5440 αμοισοτερον
1256 5370 1285 5421 λ
1496 5379 1550 5422 et
1584 5374 1754 5421 uerius
1795 5409 1808 5423 .
1842 5409 1854 5422 .
1889 5409 1901 5422 .
1942 5374 2174 5422 libellum
2215 5388 2311 5421 non
2350 5389 2448 5422 om.
2490 5373 2574 5421 VP
2779 5374 3043 5435 illepidum
3090 5373 3168 5439 Τχ
3418 5374 3445 5423 7
3484 5375 3637 5434 deligi
3685 5374 3786 5436 VP,

523 5461 762 5521 diligendi
788 5457 818 5509 λ
1008 5461 1245 5521 elegerim
1274 5458 1320 5505 P
1489 5461 1603 5507 misi
1641 5460 1682 5507 V
1708 5461 1771 5521 (m
1796 5457 1889 5521 m2)
2069 5457 2262 5527 itaque]
2289 5474 2404 5522 ergo
2436 5461 2476 5507 T
2650 5460 2708 5508 ad
2738 5468 2787 5508 te
2814 5460 2907 5522 hec
2940 5460 2996 5521 V,
3024 5459 3114 5508 hec
3144 5459 3185 5506 P
3215 5461 3331 5522 (om.
3359 5461 3418 5509 ad
3444 5460 3539 5522 te),
3580 5462 3641 5508 ad
3667 5466 3718 5508 te
3745 5476 3787 5508 ω

522 5548 656 5608 volqo
844 5547 1030 5619 fribola
1065 5547 1106 5594 V
1131 5547 1179 5608 (b
1204 5561 1261 5595 ez·
1284 5560 1315 5606 g
1338 5541 1427 5606 m2)
1629 5546 1822 5606 gerrhis
1849 5546 1908 5606 P,
1939 5547 2133 5606 gerchia
2158 5544 2188 5596 λ
2390 5546 2578 5596 Siculis
2604 5583 2617 5597 .
2649 5583 2662 5598 .
2698 5585 2709 5597 .
2743 5548 2873 5595 nihil
2897 5560 2995 5595 om.
3034 5546 3120 5594 VP
3327 5546 3357 5596 8
3396 5542 3540 5613 haec]
3563 5547 3654 5595 hoc
3685 5547 3726 5592 T

525 5645 586 5680 ne
621 5634 695 5682 nil
731 5627 760 5682 I
993 5622 1089 5681 ¹ste
1135 5633 1176 5680 V
1210 5633 1244 5695 (i
1280 5629 1370 5690 m2)
1619 5631 1651 5679 9
1688 5633 1816 5693 tulgi
1855 5631 1901 5678 P
2128 5634 2372 5682 laceratus
2410 5633 2454 5681 P
2699 5632 2760 5682 10
2798 5638 2859 5681 ut
2894 5634 3207 5695 aesculapius
3256 5634 3311 5694 V,
3352 5639 3405 5682 et
3440 5634 3710 5694 escolipius
3748 5632 3794 5679 P

526 5718 582 5767 11
623 5718 805 5767 debeat
841 5717 896 5778 P,
941 5720 1003 5780 d3
1049 5719 1089 5765 T
1300 5715 1494 5783 autem]
1529 5723 1628 5765 tam
1670 5718 1713 5764 P
1919 5718 2069 5766 huius
2112 5717 2204 5780 (m2
2240 5722 2293 5766 in
2329 5719 2450 5778 raa.)
2496 5699 2592 5768 ista
2634 5721 2669 5781 (i
2707 5719 2824 5768 add.
2865 5717 2958 5780 m2)
2999 5721 3237 5768 materia*
3286 5720 3323 5766 V
