4630 6435
1960 428 2417 482 PROOEMIVM.
3500 426 3814 490 XXXVII

559 656 919 720 ratissimus
979 655 1214 739 quippe
1271 654 1399 718 iam
1461 654 1677 718 consul
1726 653 2000 718 redisset
2042 653 2126 717 ad
2172 653 2442 736 patriam
2491 654 2784 717 uillulam
2832 672 3022 733 quam
3070 638 3251 736 pater
3296 652 3570 734 liquerat
3614 651 3814 715 intro-

559 794 824 857 gressus
886 775 986 839 his
1047 773 1340 839 uersibus
1401 774 1553 837 lusit
1614 774 1869 837 luciano
1923 773 2280 856 (Luciliano
2327 774 2520 854 8001.)
2579 772 2777 837 stilo’.
2881 792 2958 836 ac
3016 778 3187 836 certe
3248 771 3656 835 manifestum
3716 778 3815 836 est

560 917 640 959 ex
687 894 902 960 verbis
955 894 1074 959 ‘de
1119 893 1453 959 liturariis’
1503 900 1568 959 et
1610 894 1799 959 tertia
1843 914 2009 976 (11130
2056 893 2288 959 dicitur
2331 869 2644 977 persona,
2714 913 2841 976 qna
2886 893 2976 972 is,
3044 892 3154 974 qni
3200 892 3361 955 haec
3407 890 3806 974 conscripsit,

559 1016 790 1095 utitur,
842 1036 922 1080 ea
964 1035 1090 1079 non
1135 1015 1218 1079 ab
1263 1014 1546 1078 Ausonio
1590 1014 1765 1099 ipso,
1823 1013 1938 1078 sed
1983 1014 2065 1078 ab
2112 1013 2241 1078 alio
2286 1012 2591 1095 quodam,
2644 1013 2754 1094 qui
2798 1012 3064 1077 Ausonii
3112 1011 3386 1077 schedas
3432 1011 3805 1094 composuit,

558 1137 843 1221 profecta
872 1155 1015 1201 esse
1058 1136 1159 1217 [cf.
1199 1135 1254 1199 V
1294 1138 1364 1198 17
1385 1157 1397 1213 ς
1437 1135 1631 1198 XXII
1671 1138 1755 1214 1).
1822 1134 1986 1198 haec
2014 1133 2209 1216 igitur
2239 1134 2395 1216 quin
2427 1141 2597 1198 recte
2629 1133 2924 1199 statuerit
2952 1132 3367 1213 Brandesius,
3405 1151 3532 1197 non
3564 1131 3806 1197 dubito.

560 1264 624 1321 et
667 1256 951 1321 carmina
994 1255 1313 1338 quaedam
1360 1254 1441 1318 ab
1473 1254 1755 1319 Ausonio
1798 1254 1866 1317 in
1912 1253 2170 1319 schedis
2215 1254 2441 1318 relicta
2485 1273 2627 1318 esse
2673 1252 2953 1319 nondum
2984 1253 3273 1338 perfecta
3303 1259 3495 1335 atque
3527 1252 3814 1335 expolita

558 1376 730 1440 idem
775 1376 1058 1441 ostendit
1101 1373 1535 1457 dittographia
1578 1374 1646 1437 in
1692 1374 1971 1439 carmine
2016 1373 2448 1457 professorum
2478 1373 2705 1436 XXIII
2750 1373 3034 1438 indicata
3073 1376 3156 1456 (p.
3196 1375 3329 1453 63).
3422 1393 3571 1436 nam
3615 1378 3814 1437 tetra-

559 1496 766 1561 sticha
810 1497 925 1560 illa
971 1516 1077 1559 vv.
1129 1497 1296 1559 5-8
1345 1501 1410 1559 01
1455 1497 1701 1576 9-12,
1767 1493 1835 1557 id
1896 1492 2064 1575 quod
2110 1515 2190 1558 ex
2236 1494 2450 1559 verbis
2517 1492 2719 1576 ‘quod
2762 1494 2864 1557 ius
2907 1493 3305 1577 pontificum’
3368 1492 3433 1556 in
3481 1493 3810 1575 utriusque

556 1616 735 1680 initio
793 1616 1018 1700 positis
1074 1614 1505 1698 intellegitur,
1572 1615 1749 1679 nullo
1808 1622 1992 1698 pacto
2037 1614 2105 1678 in
2151 1614 2378 1679 eodem
2425 1614 2705 1679 carmine
2752 1634 2821 1678 se
2867 1613 3164 1697 excipere
3207 1620 3523 1698 poterant.
3618 1614 3811 1677 immo

557 1737 965 1802 statuendum
1012 1743 1111 1801 est
1153 1743 1429 1820 poetam,
1483 1756 1625 1799 cnm
1672 1755 1866 1800 unum
1912 1734 1978 1799 in
2026 1735 2307 1801 carmine
2355 1733 2697 1819 pangendo
2728 1734 3230 1818 conscripsisset,
3284 1740 3510 1818 postea
3539 1735 3810 1798 alterum

557 1858 623 1922 in
682 1857 970 1939 margine
1031 1856 1380 1939 adiecisse,
1451 1864 1520 1921 ut
1579 1855 1703 1920 sibi
1762 1856 1829 1920 in
1891 1854 2171 1920 carmine
2233 1854 2517 1920 limando
2577 1854 2766 1919 unius
2812 1855 3160 1920 alteriusve
3205 1854 3490 1936 eligendi
3535 1854 3812 1919 facultas

558 1983 752 2043 08801.
847 1976 964 2041 sed
1021 1997 1411 2059 quamquam
1464 1976 1793 2040 adsentior
1838 1974 2228 2055 BrandesiO,
2296 1974 2494 2038 nolim
2542 1983 2756 2039 tamen
2801 1975 2882 2040 de
2928 1974 3242 2058 Hesperio
3288 1973 3605 2057 cogitare,
3674 1957 3804 2057 qui,

561 2098 614 2162 si
657 2098 799 2181 ipse
845 2096 1120 2162 schedas
1164 2117 1205 2160 a
1248 2101 1432 2179 patre
1477 2095 1736 2161 relictas
1782 2094 2155 2178 collegisset
2199 2114 2275 2158 ac
2321 2094 2779 2178 disposuisset,
2848 2101 3018 2161 certe
3076 2115 3202 2159 non
3248 2094 3349 2158 his
3395 2094 3610 2159 verbis
3656 2114 3811 2159 usus

559 2225 761 2297 esset,
833 2217 950 2283 sed
1008 2216 1370 2282 accuratius
1429 2223 1494 2280 et
1538 2215 1902 2280 distinctius
1948 2235 2050 2279 res
2094 2215 2532 2280 indicavisset.
2627 2216 2819 2279 immo
2865 2216 2989 2281 hae
3034 2214 3480 2298 inscriptiones
3527 2214 3683 2278 mihi
3729 2215 3811 2279 ab

554 2339 827 2419 homine,
881 2339 987 2421 qui
1034 2338 1154 2402 etsi
1200 2337 1476 2418 quodam
1524 2336 1920 2419 cognationis
1965 2336 2069 2402 vel
2117 2316 2574 2401 familiaritatis
2620 2336 2872 2400 vinculo
2919 2356 3059 2399 cum
3108 2336 3388 2400 Ausonio
3435 2335 3810 2399 coniunctus

558 2466 728 2539 erat,
781 2466 998 2524 tamen
1042 2464 1253 2523 aetate
1300 2458 1493 2541 paulo
1538 2457 1792 2539 longius
1839 2456 2154 2537 distabat,
2207 2457 2531 2540 profectae
2579 2476 2723 2521 0880
2769 2456 3089 2521 videntur.
3186 2462 3250 2520 et
3295 2455 3351 2519 si
3398 2455 3803 2534 Vossianum,

554 2578 625 2643 id
690 2578 861 2660 quod
920 2577 1202 2660 egregiis
1264 2577 1405 2642 eius
1465 2577 1800 2660 scripturis
1860 2577 2295 2656 confirmatur,
2375 2597 2456 2640 ex
2514 2576 2690 2640 fonte
2748 2575 3090 2659 purissimo
3145 2574 3409 2641 fluxisse
3468 2576 3804 2656 contende,

555 2706 769 2763 tamen
806 2718 1210 2781 nequaquam
1257 2699 1705 2780 opusculorum
1754 2698 2151 2780 singulorum
2195 2697 2262 2761 in
2307 2717 2384 2762 00
2431 2695 2913 2780 dispositionem
2958 2702 3155 2760 totam
3199 2695 3286 2760 ad
3331 2716 3497 2776 eum,
3551 2694 3660 2778 qui
3692 2695 3812 2759 hoc

556 2838 786 2903 corpus
818 2819 1238 2899 concinnavit,
1291 2817 1695 2883 referendam
1741 2837 1886 2882 esse
1932 2817 2248 2897 existimo,
2302 2817 2419 2882 sed
2463 2817 2583 2882 hoc
2629 2816 2817 2881 etiam
2867 2816 3028 2880 libro
3071 2815 3230 2880 nihil
3277 2816 3455 2880 aliud
3501 2815 3810 2881 contineri

556 2960 786 3005 censeo
830 2940 955 3004 nisi
1001 2946 1306 3022 excerpta
1350 2958 1555 3022 eaque
1599 2939 1667 3002 in
1713 2938 1971 3003 scholae
2016 2936 2291 3001 alicuius
2338 2956 2523 3001 usum
2571 2936 2886 3002 confecta.
2967 2957 3156 3019 qnam
3204 2957 3336 3001 rem
3385 2937 3512 3000 iam
3559 2936 3812 3019 gravis-

556 3061 734 3125 simis
780 3061 1005 3143 opinor
1049 3059 1446 3143 argumentis
1492 3060 1941 3142 comprobabo,

726 3182 822 3246 Ac
865 3180 1170 3265 primum,
1225 3177 1396 3263 quod
1442 3178 1794 3264 proferam,
1849 3184 2295 3264 argumentum
2340 3177 2491 3242 inde
2537 3184 2783 3262 petam,
2837 3178 3008 3259 quod
3053 3176 3120 3242 in
3164 3177 3588 3259 Ausonianis,
3640 3197 3806 3260 quae

553 3304 855 3384 leguntur
912 3302 980 3364 in
1027 3300 1376 3383 Vossiano,
1444 3321 1640 3364 unum
1698 3320 1843 3366 0880
1901 3320 2159 3364 carmen
2202 3298 2535 3364 ostendam
2581 3298 2864 3363 Ausonio
2910 3298 3162 3362 omnino
3207 3297 3543 3380 indignum
3590 3303 3654 3362 et
3696 3317 3813 3380 po-

555 3422 803 3487 steriori
847 3421 1105 3487 demum
1151 3421 1349 3485 aetati
1395 3420 1839 3500 tribuendum,
1902 3420 2048 3485 dico
2095 3440 2354 3484 carmen
2399 3418 2750 3500 decimum,
2820 3418 3166 3483 orationem
3211 3417 3484 3482 Ausonii
3530 3417 3811 3481 consulis

554 3543 848 3610 versibus
894 3541 1243 3625 rhopalicis
1291 3541 1738 3625 conscriptam.
1826 3540 1994 3624 quod
2042 3560 2295 3605 carmen
2342 3559 2731 3621 quamquam
2775 3558 2948 3602 nunc
2990 3559 3031 3602 a
3062 3538 3332 3621 Peipero
3364 3543 3428 3601 et
3456 3535 3811 3601 Brandesio

555 3663 904 3744 genuinum
965 3681 1110 3727 esse
1171 3668 1461 3745 putatur,
1530 3670 1745 3727 tamen
1807 3681 2024 3726 eorum
2084 3661 2253 3725 malo
2310 3659 2665 3724 sententiae
2722 3657 3065 3738 accedere,
3133 3657 3242 3739 qui
3285 3657 3353 3721 id
3398 3657 3479 3721 ab
3525 3656 3811 3720 Ausonio

557 3784 748 3868 plane
794 3781 1343 3846 abiudicaverunt.
1427 3782 1668 3865 primus
1714 3780 1912 3864 igitur
1954 3780 2075 3844 hoc
2119 3779 2200 3844 de
2247 3779 2525 3844 carmine
2568 3779 2681 3843 illo
2726 3778 2872 3843 tulit
2914 3777 3220 3842 iudicium
3255 3775 3566 3858 Scaliger,
3621 3795 3809 3858 quem

559 3903 759 3968 secuti
818 3908 1047 3985 postea
1106 3902 1385 3966 editores
1441 3900 1508 3965 id
1566 3922 1645 3966 ex
1704 3901 2029 3985 opusculis
2085 3899 2471 3965 Ausonianis
2529 3899 2876 3964 eiecerunt.
2972 3897 3276 3990 Heinsius
3335 3916 3477 3961 cum
3538 3895 3809 3980 primum

560 4023 719 4105 legit
762 4023 885 4086 hoc
930 4042 1219 4101 carmen,
1276 4041 1391 4087 suo
1437 4041 1610 4085 more
1654 4020 1723 4085 id
1768 4021 2110 4087 emendare
2157 4026 2421 4085 conatus
2467 4026 2567 4084 est
2584 4022 2695 4101 32),
2749 4019 2867 4083 sed
2912 4038 3036 4101 quo
3082 4018 3293 4083 minus
3336 4023 3537 4081 totum
3583 4015 3808 4081 eodem

555 4144 741 4208 modo
786 4148 1111 4223 tractaret,
1166 4140 1506 4207 deterritus
1553 4160 1695 4206 esse
1741 4141 1994 4206 videtur
2034 4141 2318 4220 immani,
2375 4160 2542 4222 quae
2579 4159 2704 4204 non
2744 4138 2968 4223 paucis
2999 4138 3157 4204 locis
3187 4137 3255 4201 in
3286 4157 3362 4202 eo
3393 4136 3801 4220 conspicitur,

556 4264 875 4328 barbarie.
968 4262 1138 4327 adde
1184 4262 1354 4345 quod
1403 4263 1478 4325 L.
1529 4262 1880 4326 Muellerus
1926 4260 2007 4326 de
2052 4281 2121 4326 re
2166 4270 2349 4326 metr.
2400 4284 2466 4346 p.
2518 4262 2642 4323 462
2690 4280 2947 4324 carmen
2992 4258 3156 4324 illud
3216 4258 3473 4323 foedum
3535 4263 3601 4321 01
3659 4256 3810 4321 bar-

557 4384 776 4448 barum
841 4383 1053 4449 dicere
1112 4403 1238 4446 non
1296 4382 1635 4447 dubitavit.
1733 4389 1795 4447 et
1846 4381 2161 4465 profecte,
2228 4381 2353 4446 etsi
2397 4380 2670 4445 fortasse
2716 4380 3049 4463 contigerit
3092 4378 3360 4443 feliciori
3406 4377 3663 4442 cuidam
3711 4375 3811 4439 in-

563 4503 754 4585 genio
799 4502 965 4568 tales
1011 4503 1407 4586 corruptelas
1452 4521 1701 4578 sanare,
1757 4501 1983 4583 quales
2026 4501 2243 4566 insunt
2287 4501 2354 4565 in
2398 4521 2503 4564 vv.
2558 4503 2637 4565 33
2686 4506 2752 4564 et
2798 4502 2900 4582 34,
2953 4505 3167 4564 tamen
3212 4518 3337 4561 non
3382 4498 3709 4578 absterget
3751 4496 3809 4560 is

554 4623 775 4689 sordes
834 4624 986 4688 illas
1045 4629 1237 4705 atque
1295 4622 1618 4702 illuviem,
1686 4642 1850 4703 quae
1910 4627 2081 4685 certe
2139 4641 2265 4685 non
2323 4620 2719 4686 extrinsecus
2763 4619 3020 4698 illatae,
3091 4617 3208 4684 sed
3252 4617 3505 4681 omnino
3550 4615 3808 4680 nativae

554 4752 719 4808 sunt.
815 4765 942 4808 non
991 4743 1161 4809 enim
1208 4743 1416 4826 loqui,
1486 4742 1603 4807 sed
1647 4742 1965 4806 balbutire
2010 4740 2265 4805 videtur
2308 4747 2500 4825 poeta
2543 4741 2610 4805 in
2655 4741 2776 4804 hoc
2821 4739 3135 4819 carmine,
3204 4737 3259 4802 si
3304 4736 3491 4800 modo
3537 4736 3647 4817 qui
3691 4736 3804 4800 tali

553 4871 807 4929 ornetur
864 4863 1119 4928 nomine
1178 4883 1323 4928 eum
1384 4863 1646 4946 dignum
1704 4880 1847 4927 esse
1908 4880 2158 4927 censes.
2251 4869 2446 4943 atque
2506 4867 2578 4925 ut
2636 4861 2981 4925 concedam
3044 4857 3326 4923 dandum
3372 4874 3515 4922 esse
3560 4856 3806 4937 aliquid

552 4984 935 5049 artificiosae
995 4982 1294 5047 carminis
1354 4982 1872 5063 conformationi,
1936 4987 2152 5045 tamen
2212 4987 2393 5045 tanta
2450 4980 2518 5043 in
2563 5000 2638 5044 00
2685 4984 2784 5043 081
2827 4978 3215 5057 obscuritas,
3282 4982 3410 5039 tam
3457 4974 3804 5039 absurdum

551 5125 630 5169 ac
673 5109 1020 5168 contortum
1069 5101 1327 5166 dicendi
1371 5122 1598 5184 genus,
1651 5109 1722 5166 ut
1764 5122 1805 5165 a
1850 5100 2127 5185 simplici
2170 5100 2287 5165 illa
2333 5108 2398 5164 et
2440 5098 2663 5181 nitida,
2716 5118 2844 5181 qua
2888 5098 3084 5162 utitur
3126 5095 3468 5172 AusoniuS,
3523 5094 3807 5160 oratione

554 5223 780 5287 mirum
841 5228 1147 5304 quantum
1210 5222 1572 5287 abhorreat.
1667 5221 1940 5304 denique
2002 5225 2071 5284 111
2128 5220 2320 5285 fuerit
2365 5220 2687 5284 Ausonius
2732 5219 3182 5283 vocabulorum
3229 5223 3525 5296 novator,
3592 5223 3808 5281 tamen

552 5345 616 5409 in
678 5344 797 5408 hoc
860 5343 1178 5423 carmine,
1245 5343 1366 5407 etsi
1426 5362 1592 5425 quae
1654 5348 1751 5406 est
1810 5341 1948 5406 eius
2008 5342 2381 5425 compositio
2442 5341 2717 5424 quodam
2778 5338 2964 5403 modo
3017 5339 3105 5403 ad
3149 5337 3464 5402 vocabula
3507 5335 3808 5401 novanda

550 5472 742 5549 poeta
808 5463 1304 5547 provocabatur,
1378 5462 1578 5526 nimia
1644 5461 2028 5545 conspicitur
2092 5462 2159 5525 in
2218 5481 2298 5525 ea
2354 5481 2424 5526 re
2486 5459 2774 5524 sollertia
2831 5464 3025 5538 atque
3083 5458 3248 5522 adeo
3302 5455 3665 5534 temeritas,
3740 5463 3809 5518 ut

725 5723 805 5780 32)
850 5726 901 5772 in
940 5724 1212 5789 exemplari
1251 5724 1485 5772 editionis
1525 5723 1893 5783 Lugdunensis.
1939 5724 2085 5771 cuius
2124 5736 2273 5782 supra
2312 5722 2618 5769 mentionem
2661 5720 2780 5780 feci3
2825 5719 2886 5766 cf.
2930 5718 3044 5768 adn.
3090 5717 3141 5767 9.

3834 3171 4002 3198 carmen
4033 3159 4226 3209 rhopali-

3835 3223 3928 3251 cum
3958 3214 3970 3258 (
3978 3212 4032 3261 X)

3858 3648 3867 3743 Ι
