4630 6435
864 461 948 519 20
2338 451 2642 507 AVSONll

861 646 954 709 ita
999 653 1283 710 mutuum
1333 666 1458 709 non
1504 652 1865 728 reposcunt.
1950 648 2008 706 2.
2063 643 2234 726 quod
2279 642 2485 707 solum
2532 641 2732 723 igitur
2773 649 3030 707 nostrae
3068 642 3209 725 opis
3241 649 3357 720 est,
3414 641 3659 724 gratias
3690 663 3846 724 ago:
3901 660 4112 704 verum

862 749 974 826 ita,
1033 755 1101 812 ut
1144 748 1318 832 apud
1365 748 1556 814 deum
1603 748 1739 813 fieri
1785 755 1978 828 amat,
2033 746 2368 812 sentiendo
2413 745 2734 829 copiosius
2779 766 2971 828 quam
3019 744 3371 827 loquendo:
3426 751 3617 827 atque
3649 744 3870 809 nonin
3903 763 4116 809 sacra-

862 850 954 915 rio
1014 850 1198 915 modo
1255 850 1612 934 imperialis
1670 850 1941 927 oraculi,
2011 850 2119 932 qui
2182 850 2360 914 locus
2422 848 2680 914 horrore
2739 848 3084 930 tranquillo
3145 855 3210 913 et
3267 867 3506 932 pavore
3565 846 3920 913 venerabili
3979 866 4117 911 raro

863 954 1138 1020 eundem
1183 954 1466 1018 animum
1515 960 1801 1038 praestat
1846 961 1910 1018 et
1955 953 2240 1032 vultum,
2293 952 2413 1017 sed
2460 971 2919 1034 usquequaque
2965 951 3208 1034 gratias
3254 970 3414 1033 ago,
3480 956 3616 1014 tum
3660 957 3919 1031 tacens,
3986 956 4115 1014 tum

862 1059 1166 1141 loquenS,
1219 1065 1353 1121 tum
1399 1057 1465 1121 in
1511 1064 1694 1123 coetu
1739 1055 2103 1131 hominum,
2156 1061 2290 1120 tum
2343 1055 2481 1139 ipse
2526 1074 2807 1136 mecum,
2862 1061 2928 1119 et
2972 1075 3115 1120 cum
3160 1074 3317 1120 voce
3362 1052 3562 1137 patui,
3617 1060 3682 1119 et
3725 1073 3868 1118 cum
3914 1051 4118 1117 medi-

863 1162 1102 1227 tatione
1148 1160 1419 1240 secessi,
1474 1159 1645 1224 omni
1690 1160 1828 1224 loco
1872 1166 2022 1224 actu
2067 1158 2293 1223 habitu
2342 1164 2406 1224 et
2450 1164 2759 1242 tempore.
2856 1177 2975 1223 nec
3026 1158 3290 1239 mirum,
3344 1157 3399 1221 si
3446 1177 3567 1240 ego
3611 1156 3948 1222 terminum
3997 1176 4116 1220 non

863 1271 1071 1330 statuo
1116 1271 1246 1327 tam
1292 1269 1478 1346 grata
1521 1262 1881 1347 profitendi,
1935 1282 2076 1326 cum
2122 1268 2190 1325 tu
2236 1261 2426 1325 finem
2460 1260 2673 1327 facere
2705 1260 2958 1326 nescias
2988 1260 3364 1326 honorandi.
3447 1265 3508 1326 3.
3562 1260 3706 1344 quis
3738 1259 3908 1325 enim
3943 1259 4117 1323 locus

864 1374 962 1433 est
1006 1373 1118 1431 aut
1162 1366 1321 1444 dies,
1376 1365 1485 1448 qui
1529 1385 1657 1430 non
1703 1385 1804 1430 me
1851 1364 2041 1429 huius
2085 1370 2197 1428 aut
2243 1363 2470 1428 similis
2515 1363 2968 1447 gratulationis
3026 1363 3413 1429 ‘admoneatz’
3482 1363 3826 1428 admoneat
3867 1367 4119 1427 autem?

865 1495 903 1536 o
949 1469 1243 1535 inertiam
1305 1467 1792 1550 significationis
1848 1468 2158 1549 ignavae!
2258 1467 2441 1548 quiS,
2505 1467 2804 1548 inquam,
2874 1466 3052 1532 locus
3098 1475 3229 1547 est,
3295 1467 3402 1549 qui
3446 1487 3576 1532 non
3620 1464 3951 1532 beneficiis
3995 1465 4119 1529 tuis

862 1574 1065 1658 agitet
1110 1580 1174 1637 et
1219 1569 1570 1636 inflammet
1592 1577 1617 1634 ⁴?
1703 1571 1956 1650 nullus,
2009 1570 2306 1653 inquam,
2360 1569 2708 1654 imperator
2751 1570 3080 1653 Auguste,
3147 1570 3302 1653 quin
3346 1568 3792 1635 admirandam
3840 1568 4118 1652 speciem

864 1684 1013 1742 tuae
1059 1674 1489 1741 venerationis
1534 1673 1836 1739 incutiat:
1904 1693 2030 1737 non
2090 1673 2438 1758 palatium,
2507 1674 2678 1756 quod
2723 1680 2823 1753 tu,
2892 1693 3035 1738 cum
3081 1672 3366 1738 terribile
3412 1672 3773 1757 acceperis,
3842 1671 4119 1736 amabile

864 1779 1262 1865 praestitisti,
1316 1798 1440 1843 non
1488 1777 1693 1842 forum
1740 1782 1804 1841 et
1848 1776 2157 1842 basilicae
2204 1775 2356 1841 olim
2403 1776 2678 1858 negotiis
2724 1777 2936 1860 plena,
2991 1797 3161 1842 nunc
3205 1775 3370 1841 votis
3417 1796 3531 1860 pro
3576 1782 3691 1840 tua
3737 1776 3946 1839 salute
3977 1795 4119 1839 sus-

862 1884 1067 1967 ceptis
1125 1888 1291 1964 {nam
1337 1881 1419 1945 de
1466 1900 1584 1944 sua
1630 1881 1733 1945 cui
1774 1900 1901 1945 non
1945 1888 2009 1945 te
2056 1880 2415 1963 imperante
2461 1880 2775 1945 securitas
2796 1883 2869 1960 22),
2922 1900 3046 1946 non
3081 1880 3279 1960 curia,
3333 1878 3695 1944 honorificis
3726 1879 3914 1944 modo
3949 1879 4120 1943 laeta

863 1985 1159 2065 decretis,
1213 1984 1364 2049 olim
1411 1982 1703 2048 sollicitis
1748 1988 1998 2048 maesta
2042 1982 2476 2065 querimoniis,
2529 2002 2657 2047 non
2701 1983 3051 2066 publicum,
3103 1982 3171 2047 in
3215 2002 3340 2064 quo
3372 2001 3672 2047 occursus
3702 1980 4119 2065 gaudentium

861 2088 1276 2173 plurimorum
1323 2085 1643 2152 neminem
1688 2086 1928 2170 patitur
1972 2086 2176 2151 solum
2209 2085 2545 2169 gratulari,
2597 2105 2724 2150 non
2754 2085 2984 2151 domus
3017 2090 3363 2150 commune
3384 2092 3720 2150 secretum.
3802 2089 3864 2149 4.
3915 2085 4119 2150 lectus

859 2194 1000 2278 ipse
1046 2191 1134 2256 ad
1177 2190 1455 2273 quietem
1501 2189 1692 2254 datus
1750 2189 2199 2255 beneficiorum
2259 2196 2513 2254 tuorum
2574 2189 2973 2273 reputatione
3033 2188 3463 2271 tranquillior:
3531 2206 3791 2254 somnus
3850 2186 4122 2252 abolitor

860 2295 1139 2361 omnium
1182 2292 1500 2376 imagines
1544 2300 1690 2358 tuas
1736 2293 1942 2359 offert.
2035 2293 2162 2358 ista
2204 2300 2421 2357 autem
2469 2292 2660 2358 sedes
2704 2292 2984 2373 honoris,
3040 2292 3204 2357 sella
3247 2291 3506 2374 curulis,
3559 2291 3842 2374 gloriosa
3870 2290 4120 2375 pompis

860 2391 1216 2483 imperialis
1272 2396 1500 2477 officii,
1569 2396 1637 2460 in
1683 2396 1866 2461 cuius
1912 2417 2014 2462 me
2059 2394 2322 2478 fastigio
2381 2416 2461 2461 ex
2518 2416 2647 2478 qua
2705 2394 3144 2461 mediocritate
3204 2395 3503 2479 posuisti,
3568 2396 3863 2477 quotiens
3918 2416 3960 2460 a
4018 2415 4118 2459 me

861 2503 1208 2584 cogitatur,
1271 2499 1492 2564 vincor
1534 2499 1981 2582 magnitudine
2027 2506 2092 2565 et
2134 2498 2395 2582 redigor
2452 2499 2538 2564 ad
2597 2499 2955 2580 silentium,
3024 2519 3151 2564 non
3210 2505 3510 2565 oneratus
3568 2498 3934 2576 beneficiis,
4004 2498 4118 2562 sed

861 2622 1228 2691 oppressus.
1324 2602 1483 2667 ades
1527 2601 1698 2667 enim
1743 2602 1903 2668 locis
1948 2603 2281 2683 omnibus,
2381 2608 2441 2666 5.
2493 2623 2613 2668 nec
2657 2603 2787 2667 iam
2832 2602 3137 2668 miramur
3193 2602 3516 2668 licentiam
3576 2608 3943 2687 poetarum,
4012 2600 4119 2682 qui

861 2707 1075 2774 omnia
1120 2708 1242 2772 deo
1287 2706 1485 2790 plena
1528 2704 1848 2770 dixerunt.
1945 2725 2125 2790 spem
2171 2725 2465 2789 superas,
2519 2706 2842 2790 cupienda
2884 2704 3247 2789 praevenis,
3301 2711 3451 2770 vota
3484 2704 3866 2788 praecurris,
3919 2723 4120 2786 quae-

862 2832 987 2895 que
1031 2809 1231 2876 animi
1275 2808 1478 2875 nostri
1523 2809 1818 2874 celeritas
1876 2808 2076 2874 divini
2132 2809 2338 2875 instar
2405 2809 2696 2890 affectat,
2768 2807 3099 2875 beneficiis
3160 2808 3620 2893 praeeuntibus
3676 2807 4117 2873 anteceditur:

863 2921 1192 3000 praestare
1237 2911 1354 2978 tibi
1401 2919 1500 2978 est
1542 2932 1732 2995 quam
1778 2912 1961 2977 nobis
2006 2919 2229 2997 optare
2274 2913 2581 2979 velocius.

1038 3017 1124 3081 ΙΙ.
1178 3020 1240 3080 6.
1290 3016 1432 3100 Ago
1477 3016 1675 3098 igitur
1703 3014 1968 3099 gratias,
2021 3015 2257 3100 optime
2290 3015 2660 3100 imperator,
2712 3035 2790 3081 ac
2822 3015 2877 3079 si
2908 3015 3052 3098 quis
3082 3014 3253 3079 hunc
3281 3034 3641 3080 sermonem
3670 3034 3883 3080 meum
3912 3013 4119 3079 isdem

862 3121 1078 3187 verbis
1123 3127 1255 3185 tam
1303 3138 1498 3204 saepe
1544 3118 1884 3203 repetitum
1925 3118 2187 3202 inopiae
2234 3118 2555 3201 loquentis
2607 3118 2935 3199 assignat,
3002 3117 3370 3202 experiatur
3412 3117 3533 3182 hoc
3576 3116 3746 3182 idem
3795 3115 4113 3202 prosequi,

866 3226 982 3290 sed
1028 3224 1190 3289 nihil
1238 3223 1475 3308 poterit
1519 3221 1804 3307 proferre
1850 3221 2216 3287 facundius.
2313 3227 2375 3286 7.
2443 3228 2722 3305 aguntur
2782 3221 2950 3287 enim
2996 3222 3244 3305 gratiae
3288 3242 3415 3286 non
3462 3227 3720 3305 propter
3762 3220 4120 3285 maiestatis

860 3328 1168 3393 ambitum
1213 3346 1421 3409 neque
1467 3325 1605 3390 sine
1650 3325 2044 3408 argumentis
2087 3324 2456 3409 imperatori
2502 3323 2882 3389 fortissimo:
2937 3324 3118 3390 testis
3164 3331 3264 3390 est
3299 3345 3424 3390 uno
3457 3329 3728 3409 pacatus
3759 3322 3829 3388 in
3858 3344 4026 3389 anno
4057 3329 4121 3388 et

862 3430 1146 3496 Danuvii
1192 3430 1378 3495 limes
1424 3435 1489 3493 et
1531 3428 1769 3493 Rheni:
1822 3427 2309 3493 liberalissimo:
2380 3433 2658 3493 ostentat
2702 3427 2823 3492 hoc
2867 3427 3050 3493 dives
3096 3427 3447 3493 exercitus:
3515 3426 4113 3510 indulgentissimo:

862 3534 1051 3599 docet
1094 3532 1405 3599 securitas
1451 3530 1680 3597 erroris
1725 3530 2025 3595 humani:
2079 3531 2590 3596 consultissimo:
2655 3530 2883 3615 probat
2928 3529 3047 3595 hoc
3091 3530 3207 3595 tali
3253 3530 3541 3615 principe
3586 3530 3817 3596 Oriens
3864 3529 4119 3594 ordina-

862 3645 1002 3703 tus:
1053 3636 1382 3722 piissimo:
1431 3634 1624 3701 huius
1669 3654 1819 3700 vero
1864 3633 2080 3699 laudis
2125 3634 2701 3719 locupletissimum
2747 3634 3181 3699 testimonium
3227 3640 3326 3699 est
3369 3641 3555 3718 pater
3598 3633 3837 3698 divinis
3866 3632 4122 3698 honori-

861 3742 980 3805 bus
1027 3745 1468 3819 consecratuS,
1535 3736 1736 3803 instar
1779 3737 1897 3802 filii
1941 3737 2026 3802 ad
2070 3737 2414 3823 imperium
2460 3737 2659 3803 frater
2705 3738 3027 3818 adscitus,
3095 3758 3135 3801 a
3195 3737 3581 3803 contumelia
3637 3736 3794 3801 belli
3854 3742 4117 3821 patruus

862 3842 1243 3920 vindicatuS‚
1296 3840 1381 3905 ad
1427 3840 1872 3924 praefecturae
1919 3840 2261 3923 collegium
2306 3840 2482 3905 filius
2528 3860 2672 3906 cum
2718 3846 2901 3925 patre
2933 3840 3326 3921 coniunctus,
3379 3839 3465 3904 ad
3496 3839 3901 3905 consulatum
3933 3859 4119 3924 prae-

862 3953 1082 4031 ceptor
1125 3949 1408 4010 evectus.
1505 3947 1565 4007 8.
1616 3960 1878 4026 possum
1922 3943 2016 4009 ire
2061 3963 2177 4027 per
2222 3963 2442 4009 omnes
2488 3943 2961 4027 appellationes
3004 3949 3184 4025 tuas,
3253 3962 3415 4027 quas
3461 3943 3613 4007 olim
3659 3943 3863 4008 virtus
3910 3942 4109 4024 dedit,

862 4068 1024 4132 quas
1067 4046 1357 4133 proxime
1402 4045 1658 4111 fortuna
1703 4046 2036 4125 concessit,
2090 4066 2253 4129 quas
2297 4047 2512 4113 adhuc
2555 4046 2965 4129 indulgentia
3010 4046 3230 4111 divina
3274 4046 3639 4127 meditatur,
3692 4065 3924 4111 vocare
3956 4045 4119 4111 Ger-

1048 4360 1107 4409 16
1147 4360 1276 4408 Plin.
1318 4373 1433 4421 pan.
1475 4357 1541 4407 94
1579 4372 1679 4407 non
1704 4360 2023 4407 securitatem
2053 4395 2066 4408 .
2098 4395 2111 4408 .
2143 4394 2156 4409 .
2188 4373 2388 4407 oramus
2416 4396 2428 4409 .
2460 4395 2474 4410 .
2511 4395 2523 4407 .
2554 4359 2768 4420 simplex
2801 4394 2813 4406 .
2846 4395 2857 4406 .
2891 4394 2901 4405 .
2935 4365 3107 4406 votum
3134 4366 3231 4419 est,
3272 4361 3406 4406 salus
3432 4360 3676 4420 principis
3865 4360 3974 4407 Cic.
4004 4358 4113 4406 Cat.

868 4449 968 4496 1111
1011 4446 1056 4508 1,
1097 4444 1128 4493 2
1167 4459 1264 4494 non
1302 4447 1441 4494 curia
1467 4481 1479 4494 .
1515 4481 1526 4493 .
1564 4482 1576 4494 .
1608 4459 1706 4493 non
1745 4447 1908 4494 lectus
1946 4447 2009 4495 ad
2044 4446 2271 4508 quietem
2308 4445 2457 4492 datus
2667 4443 2733 4492 24
2772 4445 2922 4504 Verg.
2966 4445 3080 4494 Ecl.
3121 4446 3196 4493 111
3234 4444 3299 4494 60
3338 4445 3469 4492 Iovis
3507 4445 3672 4492 omnia
3704 4445 3857 4505 plena

1037 4721 1068 4770 4
1105 4734 1281 4769 uerum
1325 4757 1336 4768 .
1369 4755 1380 4767 .
1416 4757 1427 4768 .
1472 4717 1501 4768 7
1541 4733 1631 4780 ago
1668 4733 1764 4767 om.
1802 4717 1931 4783 91⁰²
2139 4719 2170 4769 6
2208 4720 2350 4768 modo
2378 4719 2476 4781 Μὴ,
2519 4721 2623 4768 loco
2665 4716 2973 4780 Tp201502122
3002 4719 3074 4778 (in
3097 4733 3197 4778 my.
3225 4717 3457 4779 almodo)
3676 4719 3703 4767 7
3743 4720 3922 4768 effidem
3958 4719 4052 4766 TM

864 4811 1064 4857 uultum
1101 4809 1179 4855 tui
1217 4807 1308 4856 sed
1349 4806 1390 4852 T
1613 4807 1797 4854 tacitus
1837 4804 2068 4870 Mkva‘ss,
2107 4812 2280 4855 tacens
2318 4803 2371 4852 1ιῖ
2411 4806 2485 4867 (in
2518 4821 2621 4866 my.
2663 4805 2861 4866 tacitus)
2907 4810 2996 4855 cet.
3232 4803 3263 4853 8
3300 4811 3413 4852 cetu
3457 4804 3559 4852 TM
3793 4804 3854 4853 10
3891 4795 4033 4865 grata
4066 4822 4112 4865 v,

859 4902 998 4957 grate
1039 4896 1152 4942 Tou
1185 4896 1331 4953 volvo
1581 4892 1641 4941 12
1677 4893 1862 4941 inertia
1901 4893 1943 4938 T
2179 4893 2414 4952 ignauiae
2457 4889 2643 4939 Tmuv2
2890 4890 2949 4939 13
2987 4895 3041 4938 et
3075 4890 3191 4938 add.
3229 4888 3322 4950 pv2
3363 4893 3429 4951 (et
3469 4891 3778 4953 Accuniuo),
3819 4906 3917 4940 om.
3958 4896 4046 4940 cet.

861 4978 1148 5047 imperator]
1186 4983 1254 5028 mi
1292 4982 1352 5040 {Tr
1392 4981 1434 5026 T
1477 4979 1563 5041 (sic
1599 4978 1802 5039 semper)
2060 4978 2119 5026 15
2157 4979 2306 5039 plene
2346 4976 2402 5024 Μ
2439 4978 2501 5037 (ct
2538 4976 2591 5024 h²
2627 4981 2679 5025 in
2712 4989 2835 5037 my.)
3074 4978 3203 5024 uotis
3245 4974 3446 5033 Tmuv2‚
3493 4978 3627 5026 uotis
3664 4978 3798 5025 uotis
3834 4980 3949 5037 eet„
3992 4978 4119 5026 votis

859 5069 1090 5128 votisque
1124 5065 1212 5126 Uy.
1242 5068 1404 5129 volyo,
1445 5068 1561 5115 otiis
1599 5066 1828 5126 votisque
1855 5065 2034 5124 Haupt
2247 5064 2306 5111 17
2347 5065 2561 5113 solicitis
2598 5069 2785 5111 moesta
2816 5064 2858 5109 T
3066 5062 3377 5123 gaudentum
3409 5064 3449 5109 T
3665 5062 3725 5112 18
3764 5078 3975 5113 comune
4001 5062 4057 5110 Μ

860 5155 1027 5201 lentus
1069 5153 1111 5199 T
1349 5151 1414 5200 20
1451 5154 1605 5200 refert
1638 5166 1742 5212 mu,
1782 5152 1927 5198 affert
1960 5154 2073 5210 ech,
2112 5150 2257 5198 offert
2298 5150 2411 5196 Tou
2618 5151 2727 5211 ipsa
2766 5151 3040 5209 ‘exemplar
3075 5148 3235 5196 νείκε’
3274 5152 3538 5199 Act-unius
3574 5152 3718 5209 volvo
3967 5147 4032 5196 22
4070 5154 4122 5197 et

861 5253 955 5288 om.
999 5238 1177 5298 deh.
1409 5239 1636 5298 ingratus
1671 5235 1839 5297 codd„
1881 5243 2112 5284 oneratus
2150 5250 2237 5295 eqo
2282 5235 2369 5295 (cf.
2411 5237 2550 5283 XIII
2584 5236 2631 5295 2,
2677 5236 2757 5297 97)
3000 5234 3064 5283 23
3102 5236 3356 5284 licentiam
3395 5251 3490 5285 om.
3538 5236 3578 5282 T
3814 5235 3879 5285 24
3918 5241 4033 5284 uota
4071 5232 4124 5281 1ιῖ

865 5324 937 5385 (in
959 5338 1056 5383 my.
1089 5324 1221 5382 nota)
1263 5323 1347 5385 eE,
1390 5329 1506 5372 nota
1540 5328 1627 5374 cet.
1842 5318 2097 5387 quaeque]
2133 5321 2179 5388 ’ᾷῖ
2219 5321 2278 5368 Μ
2482 5321 2547 5370 25
2584 5322 2818 5370 diuinum
2854 5338 2896 5369 ω
2935 5325 3099 5384 volyo,
3141 5322 3311 5369 divum
3356 5319 3520 5383 Ven.⁴,
3559 5322 3719 5369 divini
3756 5322 3910 5381 Bake,
3952 5322 4123 5381 Haupt

1034 5410 1099 5459 11.
1145 5408 1166 5457 1
1199 5423 1334 5459 nunc
1359 5410 1539 5469 Delph.
1717 5409 1938 5468 hiisdem
1970 5408 2031 5469 T,
2061 5408 2258 5455 hisdem
2286 5408 2422 5467 Mkv,
2452 5408 2612 5457 isdem
2635 5405 2707 5469 v2,
2739 5408 2916 5456 iisdem
2943 5412 3031 5456 cet.
3234 5406 3265 5455 2
3290 5409 3525 5469 persequi
3550 5405 3605 5455 υ2
3627 5410 3770 5468 votyo
3966 5408 3996 5456 3
4035 5408 4121 5455 sed

857 5494 911 5543 1ιῖ
937 5498 1013 5558 (in
1035 5511 1134 5556 my.
1164 5495 1215 5544 a}
1240 5500 1307 5557 et)
1338 5495 1422 5555 eE,
1454 5499 1507 5544 et
1530 5499 1621 5544 cet.
1835 5494 1866 5542 4
1893 5508 1985 5542 nec
2010 5494 2083 5541 eE
2103 5499 2148 5541 et
2174 5492 2227 5541 11²
2257 5495 2327 5557 (in
2350 5510 2444 5555 my.
2477 5495 2525 5543 al
2552 5496 2732 5556 neque)
2761 5496 2906 5555 volyo
3111 5489 3139 5543 ῖ
3167 5484 3266 5543 {ino
3297 5494 3354 5552 T,
3385 5507 3517 5541 anno
3541 5499 3631 5543 cet.
3851 5493 3882 5541 5
3908 5494 4124 5542 danuuii

861 5579 1020 5641 Mkv2,
1048 5582 1259 5630 danubii
1282 5585 1370 5631 cet.
1587 5595 1705 5629 reno
1733 5580 1788 5628 M
1993 5580 2024 5628 6
2059 5582 2252 5647 pticipe
2281 5579 2338 5626 M
2544 5580 2571 5627 7
2610 5577 2789 5646 huius]
2820 5579 2885 5628 hi'
2912 5579 2969 5627 M
3174 5581 3636 5641 conplectissimum
3667 5580 3708 5627 T
3919 5578 3952 5628 9
3989 5556 4047 5628 ad
4075 5579 4127 5626 Μ

860 5669 914 5732 (d
938 5666 1027 5730 m2)
1276 5669 1543 5716 conuictus
1582 5665 1637 5713 M
1675 5668 1764 5729 (εἰσ
1801 5666 1860 5715 21
1903 5666 2089 5727 uincta)
2347 5665 2408 5714 10
2445 5666 2657 5714 ellectus
2700 5667 2754 5727 T,
2797 5667 2991 5714 electus
3026 5670 3140 5727 cet„
3181 5672 3389 5713 evectus
3425 5664 3687 5715 Acidalia-s
3923 5679 4123 5728 possem

861 5753 1119 5804 Acidalia-5
1154 5755 1297 5814 volqo
1506 5759 1593 5814 l¹.¹;⁸
1629 5752 1770 5800 dedit
1811 5752 1851 5799 T
2067 5750 2120 5800 11
2163 5765 2283 5800 uoco
2315 5767 2369 5813 p,
2412 5765 2534 5800 uoce
2569 5755 2683 5813 cet,
2724 5766 2949 5803 vocarem
2989 5752 3247 5801 Acidalae’us
3283 5754 3446 5817 120190,
3488 5766 3659 5799 vocare
3695 5767 3783 5815 ‚eqo

4156 766 4178 802 5

4162 1281 4212 1319 111

4160 1794 4215 1833 15

4158 2311 4215 2350 20

4158 2825 4217 2866 25

4161 3963 4214 4002 10
