4630 6435
1886 456 2299 511 EPl'l'APHlA
2344 459 2571 519 ‹XVI1:.
3777 466 3853 524 75

1274 647 1509 713 audaci
1560 647 1894 730 ingressus
1941 646 2163 729 Sigeia
2207 648 2395 714 litora
2439 648 2638 728 saltu,

1443 758 1673 835 captus
1718 750 1987 834 pellacis
2038 750 2379 817 Lartiadae
2426 751 2701 817 insidiis.

1134 876 1159 915 5
1268 854 1409 938 qui,
1464 874 1545 919 ne
1591 854 1908 919 Troianae
1954 862 2272 939 premeret
2320 856 2485 939 pede
2531 855 2718 920 litora
2762 863 3003 936 terrae,

1437 958 1579 1042 ipse
1628 978 1821 1041 super
1865 958 2192 1041 proprium
2239 957 2504 1023 desiluit
2547 959 2852 1043 clipeum.

1266 1060 1421 1143 quid
1466 1066 1733 1143 queror?
1776 1061 1896 1125 hoc
1943 1061 2138 1125 letum
2184 1061 2311 1126 iam
2358 1069 2493 1126 tum
2539 1082 2684 1127 mea
2729 1061 2866 1127 fata
2910 1064 3262 1143 canebant,

1436 1164 1566 1228 tale
1613 1163 1769 1228 mihi
1815 1185 2045 1230 nomen
2096 1185 2237 1229 cum
2286 1172 2469 1248 pater
2513 1163 2815 1249 inposuit.
3190 1187 3194 1190 ⁴

1912 1439 2016 1505 14.
2074 1440 2529 1507 DEIPHOBO.

1267 1595 1563 1661 Proditus
1607 1595 1692 1661 ad
1740 1616 2010 1680 poenam
2058 1597 2414 1662 sceleratae
2460 1596 2687 1662 fraude
2736 1598 3070 1663 Lacaenae
3545 1618 3643 1667 230
3686 1620 3849 1681 (xm)

1436 1706 1502 1763 et
1546 1698 1899 1764 deformato
1947 1719 2207 1784 corpore
2253 1700 2630 1785 Deiphobus

1263 1822 1390 1866 non
1432 1802 1641 1867 habeo
1686 1802 2032 1883 tumulum,
2089 1803 2212 1868 nisi
2259 1823 2450 1885 quem
2495 1803 2653 1867 mihi
2699 1824 2856 1869 voce
2905 1804 3188 1869 vocantis

1438 1912 1502 1971 et
1546 1904 1692 1989 pius
1737 1907 1994 1971 Aeneas
2042 1913 2107 1971 et
2149 1907 2329 1971 Maro
2376 1907 2729 1991 conposuit.

1995 2181 2106 2250 15.
2155 2182 2552 2248 HECTORI.

1261 2337 1551 2402 Hectoris
1600 2336 1701 2402 bic
1744 2338 2063 2419 tumulus,
2118 2357 2260 2403 cum
2307 2357 2431 2419 quo
2479 2358 2596 2401 sua
2641 2338 2834 2402 Troia
2880 2341 3138 2423 sepulta
3183 2346 3318 2404 est:
3506 2360 3598 2409 ‘2:31
3648 2360 3842 2421 (xlm)

1436 2438 1795 2504 conduntur
1840 2440 2109 2524 pariter,
2166 2440 2274 2523 qui
2321 2439 2572 2524 periere
2619 2440 2832 2504 simul.

1850 2714 1958 2781 16.
2014 2714 2585 2782 ASTYANACTI.

1254 2872 1408 2936 Flos
1453 2871 1649 2936 Asiae
1694 2876 2002 2953 tantaque
2050 2890 2215 2934 unus
2262 2871 2344 2935 de
2390 2877 2582 2954 gente
2630 2878 2990 2954 supersum,
3566 2893 3663 2942 232
3706 2894 3839 2956 (xv)

1251 2974 1594 3058 parvulus,
1652 2973 1913 3056 Argivis
1960 2980 2058 3040 set
2102 2972 2230 3037 iam
2277 2973 2359 3039 de
2404 2980 2587 3058 patre
2632 2973 2990 3053 timendus,

1256 3077 1359 3143 hic
1406 3078 1586 3142 iaceo
1632 3078 2004 3161 Astyanax,
2064 3076 2287 3143 Scaeis
2336 3075 2623 3143 deiectus
2666 3077 2749 3141 ab
2796 3075 2969 3141 altis.

1254 3201 1366 3265 pro
1415 3181 1631 3247 dolor!
1683 3181 1866 3247 Iliaci
1914 3180 2241 3266 Neptunia
2286 3180 2542 3247 moenia
2584 3181 2750 3247 muri

1120 3308 1146 3346 5
1256 3285 1551 3350 viderunt
1596 3284 1845 3369 aliquid
1890 3283 2216 3350 crudelius
2261 3285 2537 3351 Hectore
2582 3292 2800 3352 tracte.

1877 3560 1983 3626 17.
2040 3560 2552 3625 SARPEDONI.

1266 3716 1601 3801 Sarpedon
1650 3716 1886 3799 Lycius
1930 3715 2188 3798 genitus
2233 3715 2385 3780 Iove
2431 3714 2690 3779 numine
2737 3718 2938 3800 patris
3538 3736 3636 3784 233
3681 3738 3836 3800 (xvl)

1428 3820 1764 3903 sperabam
1811 3819 2094 3899 caelum,
2151 3826 2251 3884 set
2295 3827 2479 3902 tegor
2523 3818 2641 3883 hoc
2686 3819 2956 3898 tumulo,

1253 3923 1625 4005 sanguineis
1671 3921 1858 3988 fletus
1905 3922 2208 3988 lacrimis.
2302 3943 2417 4006 pro
2463 3921 2671 3988 ferrea
2715 3921 2886 3988 fata!

1424 4046 1502 4091 en
1548 4027 1786 4111 patitur
1829 4026 2069 4092 luctum
2115 4026 2223 4108 qui
2272 4025 2608 4110 prohibere
2655 4032 2884 4109 potest.

760 4300 856 4355 18.
929 4304 958 4353 4
997 4305 1144 4365 Verg.
1187 4307 1315 4353 Aen.
1358 4306 1409 4352 11
1445 4303 1512 4353 90
1550 4305 1752 4367 pellacis
1796 4306 1933 4353 Vlixi

763 4388 859 4442 14.
942 4393 955 4440 Ι
1004 4395 1151 4451 Verg.
1193 4393 1318 4440 Aen.
1365 4392 1430 4439 vl
1470 4390 1560 4440 511
1608 4393 1771 4439 scelus
1807 4392 2014 4439 exitiale
2053 4392 2303 4438 Lacaenae
2576 4391 2604 4438 2
2642 4390 2762 4439 ibid.
2804 4391 2901 4440 494
2930 4405 3008 4452 sq.
3051 4391 3294 4439 laniatum
3332 4404 3532 4452 corpore
3571 4397 3672 4439 toto
3711 4393 3823 4440 Dei·

572 4479 797 4542 phebum
1009 4477 1038 4526 3
1076 4478 1201 4526 ibid.
1246 4477 1346 4527 505
1372 4493 1446 4539 sq.
1491 4478 1742 4526 tumulum
1779 4513 1791 4526 .
1828 4514 1839 4526 .
1873 4515 1885 4526 .
1928 4480 2127 4526 inanem
2168 4478 2411 4525 constitui
2447 4484 2498 4524 et
2537 4492 2712 4538 magna
2749 4479 2913 4525 manis
2952 4483 3027 4524 ter
3067 4491 3179 4526 voce
3220 4479 3389 4525 vocavi

756 4560 855 4616 15.
931 4566 950 4614 1
996 4564 1113 4613 Seu.
1156 4565 1268 4613 Tro.
1314 4565 1413 4615 128
1440 4580 1512 4627 sq.
1557 4579 1883 4626 summusque
1923 4565 2030 4612 dies
2071 4565 2301 4612 Hectoris
2340 4564 2472 4612 idem
2509 4565 2803 4627 patriaeque
2842 4565 2941 4611 fuit

756 4647 853 4702 16.
926 4650 955 4699 2
996 4650 1113 4699 Sen.
1157 4652 1269 4701 Tre.
1312 4650 1408 4699 767
1448 4666 1475 4698 o
1513 4653 1740 4700 Danaum
1778 4652 1924 4698 timor
2159 4650 2187 4698 4
2215 4666 2292 4712 sq.
2336 4652 2455 4699 ibid.
2501 4650 2599 4698 784
2628 4664 2701 4711 sq.
2747 4651 2969 4697 flebilius
3007 4651 3199 4711 aliquid
3240 4650 3468 4699 Hectoris
3508 4653 3673 4711 magni
3713 4665 3835 4699 nece

577 4737 712 4785 muri
751 4738 992 4784 videbunt
1201 4738 1230 4785 5
1271 4738 1398 4786 Stat.
1443 4739 1626 4786 Achill.
1668 4740 1691 4786 1
1731 4738 1761 4786 6
1800 4738 2013 4786 Hectore
2051 4744 2203 4785 tracto

756 4818 853 4874 17.
924 4822 954 4870 3
993 4823 1048 4870 11.
1093 4823 1214 4870 xvl
1253 4823 1354 4871 -159
1380 4839 1453 4885 aq.
1498 4820 1836 4889 αἱματοέσσας
1875 4821 1931 4873 δὲ
1968 4820 2152 4890 ψιάδας
2188 4820 2467 4894 κατέχευεν
2506 4819 2649 4890 ἔραζε
2690 4820 2848 4872 παῖδα
2887 4818 3033 4890 φίλον
3072 4828 3232 4888 τιμῶν

754 5064 784 5111 4
820 5063 1059 5112 laertiade
1106 5065 1163 5124 V,
1206 5065 1468 5114 Lartiadae
1505 5064 1563 5113 L.
1609 5063 1817 5112 Mueller
2043 5063 2074 5112 6
2112 5065 2337 5112 desiduit
2384 5064 2435 5124 V,
2478 5064 2672 5111 desiliit
2710 5064 2869 5124 Luyd.
2900 5065 3039 5124 volyo
3269 5062 3295 5110 7
3338 5063 3542 5111 saneuat
3592 5063 3626 5107 V
3665 5063 3830 5123 (cane-

578 5155 706 5197 bant
740 5146 825 5210 m2)
1043 5150 1073 5198 8
1109 5133 1177 5211 qd
1225 5152 1262 5197 V
2924 5193 2934 5220 :
2967 5179 3072 5220 mihi

757 5232 854 5286 1⁴1·
933 5235 949 5285 1
997 5219 1126 5299 pena
1173 5237 1212 5283 V
1471 5237 1675 5285 lacaene
1723 5236 1763 5282 V
1801 5239 1990 5300 (laeena
2028 5233 2113 5298 1112)
2403 5237 2431 5282 3
2469 5218 2569 5298 que
2607 5250 2727 5284 uoce
2766 5237 2988 5283 uocantis
3105 5235 3142 5281 V
3180 5234 3322 5296 (mihi
3360 5231 3451 5295 m2)
3493 5249 3619 5283 corr.
3662 5233 3826 5294 Luyd.

577 5324 608 5370 4
650 5314 878 5383 etnpi's
929 5323 970 5368 V
1003 5323 1073 5382 (in
1109 5324 1261 5382 eran.)
1474 5336 1689 5371 aenaeue
1735 5323 1775 5369 V
1809 5323 1860 5383 (u
1897 5326 1951 5370 ἰπ
1987 5338 2015 5369 a
2051 5336 2174 5371 corr.
2219 5319 2306 5384 ⁷11²)
2864 5311 2870 5318 ⁹

757 5403 853 5459 15.
926 5408 1154 5456 Haectori
1205 5409 1242 5454 V

757 5490 854 5545 16.
926 5496 1205 5542 AstIanacti
1251 5495 1290 5541 V
1496 5493 1516 5542 1
1560 5499 1815 5556 suprestes
1867 5495 1904 5541 V
1943 5495 2082 5555 (corr.
2123 5491 2216 5554 m2)
2431 5492 2460 5541 3
2500 5476 2648 5553 &aceo
2696 5495 2731 5539 V
2771 5495 2808 5554 (i
2843 5491 2930 5554 m2)
3147 5494 3372 5540 astianax
3419 5493 3459 5539 V
3665 5493 3694 5540 5
3734 5495 3829 5541 ali·

577 5580 713 5641 quod
766 5579 817 5643 V,
857 5580 1046 5641 aliquid
1083 5579 1251 5640 Luyd.
1460 5582 1692 5643 haectore
1740 5580 1777 5626 V

759 5662 855 5717 17.
929 5667 1306 5715 SARPEDONI
1344 5668 1381 5714 V
1418 5668 1540 5729 (poet
1563 5668 1632 5715 NI
1680 5662 1772 5751 Hx,
1812 5667 1898 5715 sed
1928 5667 2036 5715 ead.
2067 5683 2131 5716 m.
2161 5667 2280 5728 del.)
2501 5667 2520 5716 1
2564 5668 2715 5717 licius
2752 5668 2792 5714 V
2996 5666 3026 5714 4
3064 5673 3115 5714 et
3154 5666 3370 5728 VvolyO,
3413 5681 3475 5713 en
3522 5666 3763 5714 Graevius

577 5754 800 5816 proibet-e
840 5762 1040 5815 potent
1088 5753 1126 5799 V

3319 5855 3417 5903 lo*
