4630 6435
766 433 848 492 52
2236 431 2543 486 AvSONu

1441 791 1552 856 24.
1601 792 1981 859 SEVERVS
2027 793 2362 858 CENSOR
2408 794 2813 859 IVLIANVS
2860 794 3331 860 CONSOCER.

1421 965 1740 1043 Desinite,
1793 986 1831 1031 o
1876 974 2158 1044 veteres,
2217 965 2570 1050 Calpurnia
2612 965 2910 1045 nomina,
2965 965 3163 1049 Frugi
3691 988 3778 1037 181
3830 989 4012 1049 (xxn)

1590 1076 1661 1133 ut
1703 1070 2024 1154 proprium
2070 1070 2190 1135 hoc
2235 1078 2487 1135 vestrae
2532 1069 2743 1153 gentis
2787 1070 3029 1135 habere
3076 1069 3313 1135 decus:

1418 1191 1536 1235 nec
1581 1173 1757 1236 solus
1804 1191 2060 1257 semper
2104 1193 2332 1238 censor
2378 1173 2536 1238 Cato
2583 1193 2702 1238 nec
2748 1173 2871 1238 sibi
2920 1173 3098 1238 solus

1589 1275 1794 1340 iustus
1841 1275 2160 1341 Aristides
2204 1275 2307 1340 his
2358 1276 2658 1359 placeant
2701 1274 2930 1340 titulis.

1285 1401 1310 1437 5
1417 1398 1564 1441 nam
1614 1377 1875 1462 sapiens
1920 1378 2305 1461 quicumque
2354 1378 2473 1444 fuit
2518 1397 2869 1461 verumque
2914 1377 3236 1460 fidemque

1590 1481 1697 1563 qui
1743 1481 1976 1561 coluit,
2031 1481 2327 1547 comitem
2376 1502 2446 1546 se
2492 1481 2642 1562 tibi,
2698 1481 2971 1559 Censor,
3026 1488 3200 1564 agat.

1419 1591 1485 1648 tu
1531 1584 1748 1667 gravis
1794 1593 1859 1650 et
1903 1585 2100 1650 comis
2146 1605 2288 1650 cum
2337 1584 2711 1667 iustitiaque
2758 1583 3098 1664 remissae,

1590 1689 1865 1754 austeris
1912 1689 2136 1754 doctus
2184 1689 2451 1771 iungere
2499 1687 2897 1772 temperiem.

1418 1800 1485 1855 tu
1535 1812 1660 1855 non
1706 1791 1954 1857 adscito
2001 1792 2117 1857 tibi
2166 1813 2266 1858 me
2312 1812 2433 1857 nec
2479 1791 2795 1875 sanguine
2840 1791 3055 1855 iuncto

1256 1916 1310 1955 ιο
1592 1894 1825 1978 optasti
1871 1901 2123 1960 nostras
2170 1895 2540 1961 consociare
2587 1894 2833 1959 domos.

1418 2018 1647 2081 nempe
1692 1998 1911 2080 aliqua
1954 1999 2019 2062 in
2067 1998 2251 2064 nobis
2299 2019 2545 2064 morum
2592 1999 2943 2064 simulacra
2989 2006 3239 2064 tuorum

1590 2100 1841 2185 effigies
1887 2102 2084 2167 nostri
2131 2102 2427 2186 praebuit
2471 2102 2747 2185 ingenii:

1416 2214 1527 2270 aut
1571 2205 1700 2269 iam
1746 2206 2067 2271 Fortunae
2115 2205 2208 2271 sic
2256 2225 2328 2271 se
2375 2206 2623 2288 vertigo
2670 2206 2950 2283 rotabat,

1590 2315 1660 2372 ut
1702 2308 1950 2391 pondus
1998 2310 2151 2374 fatis
2197 2317 2328 2373 tam
2377 2310 2546 2374 bona
2591 2315 2744 2373 vota
2790 2309 3039 2374 darent.

1254 2434 1309 2471 ιδ
1418 2412 1472 2475 si
1519 2411 1674 2493 quid
1719 2420 1875 2496 aput
1921 2433 2144 2478 manes
2192 2412 2425 2489 sentis,
2482 2413 2654 2478 fovet
2700 2413 2819 2479 hoc
2865 2413 2981 2477 tibi
3027 2422 3343 2490 mentem,

1447 2528 1450 2533 '
1592 2514 1765 2597 quod
1811 2514 1949 2580 fieri
1996 2522 2288 2600 optaras,
2344 2515 2411 2580 id
2459 2516 2740 2582 voluisse
2789 2516 3003 2581 deum.

893 2857 1005 2923 25.
1055 2858 1477 2924 PAVLINVS
1526 2860 1635 2923 ET
1682 2859 2073 2924 DRYADIA
2118 2859 2292 2923 FILI
2340 2859 2692 2924 PAVLINI
2736 2861 2849 2924 ET
2897 2858 3459 2924 MEGENTIRAE
3506 2859 3864 2925 SORORIS

2224 2962 2533 3028 FILIAE.

1415 3134 1537 3212 Qui
1583 3155 1815 3200 nomen
1862 3136 2237 3219 vultumque
2282 3135 2519 3221 patris,
2574 3135 2877 3215 Pauline,
2934 3135 3243 3216 gerebaS,
3651 3154 3745 3202 182
3788 3156 4007 3215 (xxm)

1588 3238 1810 3302 amissi
1859 3237 2185 3323 specimen
2233 3238 2347 3320 qui
2389 3238 2698 3322 genitoris
2747 3259 2927 3303 eras:

1415 3348 1673 3425 propter
1717 3361 1907 3422 quem
1953 3342 2163 3406 luctus
2209 3341 2483 3407 miserae
2529 3341 2844 3407 decedere
2890 3340 3112 3405 matris

1588 3452 1914 3528 coeperat,
1971 3446 2227 3510 offerret
2274 3465 2415 3509 cum
2463 3453 2575 3510 tua
2620 3445 2823 3510 forma
2868 3453 3148 3529 patrem,

1281 3571 1305 3606 ε,
1412 3547 1712 3613 redderet
1756 3555 1819 3613 et
1864 3569 2074 3614 mores
2121 3556 2186 3613 et
2230 3548 2512 3615 moribus
2558 3549 2828 3614 adderet
2871 3549 3069 3628 illud,

1585 3651 1897 3716 Paulinus
1943 3651 2147 3716 caruit
2193 3672 2319 3733 quo
2364 3660 2583 3736 pater,
2638 3652 2992 3735 eloquium:

1414 3754 1683 3839 eriperis
1732 3754 1923 3820 laetis
1970 3763 2035 3820 et
2081 3755 2581 3838 pubescentibus
2629 3755 2817 3820 annis

1587 3859 1914 3941 crudaque
1958 3859 2168 3924 adhuc
2215 3858 2437 3923 matris
2484 3866 2743 3943 pectora
2790 3860 3123 3926 sollicitas

1412 3961 1640 4026 flemus
1688 3960 1857 4026 enim
1905 3969 2153 4045 raptam
2201 3961 2474 4025 thalami
2520 3962 2601 4026 de
2649 3961 2804 4026 sede
2851 3982 3165 4042 sororem,

1254 4085 1306 4122 ιο
1589 4066 1712 4129 heu
1759 4085 1884 4130 non
1929 4072 2178 4129 maturo
2224 4063 2483 4144 funere,
2538 4065 2921 4149 Dryadiam:

1415 4167 1677 4244 flemus,
1733 4189 1855 4250 ego
1899 4168 1967 4232 in
2013 4168 2267 4252 primiS,
2325 4169 2435 4250 qui
2481 4169 2702 4234 matris
2747 4171 3107 4234 avunculus
3154 4190 3230 4234 ac
3276 4190 3390 4233 vos

1589 4278 1884 4335 natorum
1930 4277 2255 4352 tamquam
2304 4270 2505 4354 diligo
2551 4272 2948 4355 progeniem.

1415 4373 1533 4436 illa
1577 4392 1804 4436 manus
1850 4373 2015 4437 inter
2058 4373 2404 4456 genetricis
2452 4381 2516 4438 et
2562 4375 2784 4439 oscula
2827 4374 3030 4459 patris

1588 4475 1850 4554 occidit,
1903 4476 2196 4560 Hispana
2240 4484 2309 4542 tu
2356 4478 2617 4560 regione
2661 4479 2906 4562 procul.

1252 4601 1307 4639 ιε»
1414 4599 1608 4660 quam
1653 4586 1835 4643 tener
1878 4587 1943 4644 et
1986 4579 2226 4663 prim0,
2279 4600 2445 4645 nove
2491 4581 2641 4660 flos,
2698 4580 3065 4665 decerperis
3111 4601 3305 4660 aem,

1587 4682 1869 4747 nondum
1915 4704 2274 4769 purpureas
2320 4684 2597 4764 cinctus,
2655 4685 2937 4769 ephebe,
2992 4685 3228 4766 genas!

914 4957 1016 5013 25.
1091 4961 1118 5009 7
1160 4962 1285 5011 Stat.
1330 4962 1485 5009 Theb.
1528 4964 1548 5008 1
1590 4961 1681 5010 571
1728 4969 1780 5010 ct
1817 4963 2215 5024 pubescentibus
2252 4964 2399 5010 annis
2615 4962 2674 5011 15
2715 4963 2866 5022 Verg.
2909 4965 3037 5010 Aen.
3081 4963 3232 5009 Vllll
3272 4961 3373 5010 435

915 5215 1017 5270 24.
1090 5232 1288 5268 consors
1333 5220 1385 5282 V,
1427 5233 1656 5268 consocer
1697 5219 1967 5267 Mommsen
2194 5218 2212 5268 1
2257 5234 2284 5267 o
2329 5219 2371 5267 V
2406 5221 2460 5272 (ε.
2504 5235 2552 5267 υ.
2594 5216 2682 5278 m‘2)
2898 5220 2925 5266 4
2964 5221 3184 5267 aristidis
3233 5221 3273 5266 V
3304 5234 3428 5265 corr.
3473 5218 3638 5279 Luyd.
3856 5220 3882 5265 ‘a'
3924 5233 4009 5267 co·

745 5321 849 5354 mes
897 5306 950 5366 V,
990 5307 1144 5354 comis
1182 5305 1346 5366 Luyd.
1563 5305 1593 5353 9
1634 5296 1866 5354 sanc'ine
1905 5306 2055 5363 iungo
2088 5305 2128 5350 V
2158 5309 2297 5366 (corr.
2330 5302 2416 5366 m2)
2640 5303 2701 5352 10
2739 5306 2919 5352 obtatis
2969 5306 3020 5366 V,
3063 5307 3250 5367 optasti
3288 5305 3452 5365 Luyd.
3675 5306 3727 5355 11
3772 5308 3939 5367 aliqui
3976 5306 4017 5350 V

748 5391 807 5439 13
845 5393 1052 5439 suttune
1100 5392 1141 5438 V
1349 5391 1408 5439 15
1446 5406 1544 5452 qua
1591 5392 1641 5450 V,
1685 5392 1806 5452 quid
1845 5390 2008 5450 Luyd.
2229 5390 2288 5438 16
2327 5392 2525 5438 obtaras
2574 5391 2613 5436 V
2820 5392 3050 5438 ualuisse
3097 5391 3136 5436 V

917 5471 1017 5528 25.
1089 5478 1292 5525 Diadria
1339 5479 1379 5524 V
1583 5477 1714 5526 Filia
1761 5478 1813 5538 V,
1858 5476 2013 5522 Filiae
2050 5476 2187 5524 Scul.
2421 5477 2449 5522 3
2490 5464 2724 5524 decedam
2772 5478 2813 5524 V
2850 5479 2919 5536 (re
2955 5473 3045 5535 ⁷⁷22)
3280 5476 3309 5523 4
3350 5483 3549 5536 ceperat
3585 5478 3731 5525 offert
3779 5478 3818 5524 V
3862 5480 4002 5532 (corr.

741 5561 826 5624 nst)
1046 5563 1076 5609 5
1113 5563 1255 5610 inum
1304 5563 1344 5609 V
1383 5564 1522 5624 (corr.
1564 5561 1654 5623 m2>
1872 5562 1902 5609 o
1940 5564 2136 5610 effluit
2183 5564 2223 5609 ν
2429 5562 2458 5610 s
2499 5539 2657 5610 adhuc
2704 5562 2744 5607 V
2779 5562 2829 5622 (h
2864 5558 2953 5620 nst)
3195 5560 3255 5609 ιο
3293 5539 3392 5609 ¹¹00
3437 5562 3476 5608 v
3683 5564 3924 5610 driadiam
3973 5564 4013 5609 ν

745 5649 801 5698 11
846 5639 1126 5697 auunculvs
1163 5663 1218 5695 ac
1254 5637 1333 5667 ¹¹⁰³
1382 5650 1422 5695 V
1460 5649 1505 5709 (v
1541 5646 1643 5709 m23
1686 5660 1832 5697 acuos
1871 5650 1924 5694 in
1960 5662 2110 5696 *auos
2147 5650 2294 5704 corr.)
2510 5654 2558 5694 et
2595 5661 2683 5694 vos
2718 5647 2860 5706 volyo
3099 5646 3158 5694 14
3195 5623 3403 5708 hispana
3450 5648 3489 5695 V
3697 5651 3754 5695 tsi
3802 5649 3855 5708 V,
3897 5653 4007 5695 tum

739 5738 898 5797 υοιρο,
940 5743 995 5782 tu
1033 5735 1272 5782 Heinsius
1486 5732 1546 5782 15
1584 5725 1889 5795 decerp⁵eris
1939 5734 1979 5779 V
2187 5731 2248 5780 16
2285 5732 2553 5794 puri-urens
2595 5732 2646 5794 (p
2684 5747 2739 5780 ex
2777 5747 2800 5779 r
2835 5733 2928 5780 alt.
2970 5729 3059 5794 m2)
3101 5723 3291 5780 cinctu⁸
3336 5734 3375 5793 (s
3410 5730 3500 5791 m2)
3544 5710 3739 5795 ephebe
3790 5735 3829 5781 V
