4630 6435
1929 445 2389 501 PROOEMIVM.
3709 447 3794 510 LI

539 670 873 754 cipuarum
908 671 1210 736 uirtutum
1243 670 1561 735 Herculis.
1632 671 1771 736 siue
1804 628 2202 755 epyeioyssss.
2258 670 2496 755 ipsius'
2539 670 2904 752 (XXXIII).
2970 669 3037 734 in
3068 670 3350 736 carmine
3382 672 3437 735 V
3469 674 3506 733 2
3539 690 3793 736 versum

534 792 716 856 illum
787 790 1121 856 ‘Imbrifer
1162 798 1265 856 ast
1306 791 1548 856 mensis
1593 798 1855 873 tumque
1902 791 2244 855 december
2287 791 2502 857 adest’
2566 791 2860 872 exhibet,
2927 790 2993 855 in
3055 791 3286 856 ceteris
3344 812 3487 856 cum
3546 797 3592 855 V
3644 811 3798 856 con-

536 913 764 997 spirat,
837 911 928 976 ita
971 918 1212 991 tamen,
1286 896 1355 976 ut
1399 912 1526 980 iam
1576 912 1975 977 librariorum
2024 918 2385 977 commenta
2428 911 2493 976 in
2540 895 2685 977 eum
2732 911 2914 976 illata
2958 910 3520 997 deprehendantur
3573 912 3677 994 (cf.
3729 933 3788 977 e.

538 1037 639 1113 50,
700 1033 782 1115 1).
881 1032 1147 1098 contulit
1189 1033 1360 1098 hunc
1403 1032 1633 1097 librum
1681 1034 1733 1097 I.
1788 1033 1867 1096 H.
1920 1033 2234 1114 Nolte52).

709 1151 1008 1217 Ceterum
1056 1158 1265 1217 utrum
1313 1153 1598 1217 carmina
1641 1152 1828 1217 XVII
1876 1155 1979 1233 29,
2033 1172 2092 1216 e.
2144 1156 2247 1232 49,
2305 1159 2406 1233 50,
2464 1158 2536 1216 71
2590 1153 2658 1217 in
2700 1152 3046 1236 florilegiO,
3111 1152 3284 1236 quod
3328 1173 3498 1218 nunc
3543 1152 3796 1238 disper-

535 1291 676 1338 sum
721 1272 789 1337 in
823 1277 1060 1336 GBWZ
1087 1272 1339 1356 legitur,
1396 1273 1634 1338 fuerint
1677 1294 1763 1337 an
1809 1294 1889 1338 ex
1934 1273 2159 1338 eodem
2206 1293 2331 1356 quo
2373 1273 2540 1337 illud
2585 1266 2931 1357 archetypo
2978 1272 3252 1339 derivati
3299 1273 3445 1355 sint,
3496 1273 3626 1337 iam
3670 1293 3797 1338 non

535 1391 888 1457 diiudicare
935 1394 1104 1458 licet.

709 1512 952 1590 Quodsi
1000 1535 1098 1595 ea,
1152 1535 1320 1597 quae
1367 1513 1554 1579 modo
1600 1514 2034 1598 exposuimus»,
2090 1515 2507 1598 reputaveris,
2563 1515 2908 1597 intelleges
2953 1516 3198 1579 nullam
3244 1514 3498 1580 omnino
3532 1526 3795 1580 causam

541 1633 828 1714 subesse,
884 1654 995 1699 cur
1038 1634 1424 1718 florilegium
1471 1635 1636 1700 illud
1681 1655 1761 1699 ex
1807 1634 1934 1699 alio
1981 1640 2174 1717 atque
2221 1655 2322 1717 e0,
2374 1635 2543 1701 unde
2589 1636 2900 1719 originem
2947 1655 3128 1700 suam
3174 1635 3372 1701 traxit
3414 1635 3788 1715 Vossianus,

534 1756 887 1839 exemplari
948 1753 1214 1820 fluxisse
1277 1762 1655 1820 statuamus.
1752 1754 2122 1837 conspirant
2181 1756 2349 1820 enim
2410 1755 2481 1820 hi
2537 1756 2686 1821 libri
2731 1776 2951 1821 omnes
2997 1755 3064 1820 in
3110 1756 3301 1821 rebus
3346 1756 3789 1838 gravioribus;

531 1896 699 1958 quae
746 1880 961 1940 autem
1010 1875 1361 1961 scripturae
1408 1875 1885 1960 discrepantiae
1932 1882 2097 1955 sunt,
2154 1895 2270 1941 eae
2317 1876 2596 1941 librariis
2641 1876 2856 1961 potius
2901 1876 3280 1942 tribuendae
3317 1856 3463 1942 esse
3501 1876 3801 1941 videntur

540 2015 732 2078 quam
778 2016 859 2061 ex
905 1996 1110 2062 altera
1154 1996 1524 2061 recensione
1569 1996 1957 2061 manavisse.

716 2393 1135 2457 Periochae
1182 2392 1321 2457 solo
1368 2392 1585 2458 codice
1632 2392 1922 2458 Parisino
1971 2396 2140 2456 8500
2184 2392 2370 2457 nobis
2414 2393 2693 2458 traditae
2740 2400 2905 2473 sunt,
2961 2394 3027 2457 in
3073 2413 3197 2474 quo
3245 2393 3290 2458 f.
3349 2397 3653 2457 16)’---ἳον
3698 2395 3798 2460 in-

533 2520 634 2577 ter
677 2513 928 2578 Ludum
991 2520 1054 2578 et
1099 2513 1349 2577 Paulini
1412 2514 1497 2578 ad
1543 2512 1896 2578 Ausonium
1957 2513 2268 2597 epistulas
2328 2512 2663 2596 leguntur,
2732 2513 2914 2578 nulla
2958 2520 3176 2578 tamen
3220 2514 3636 2599 inscriptione
3681 2515 3801 2579 ad-

525 2634 714 2699 iecta.
809 2634 972 2699 nihil
1029 2633 1229 2717 igitur
1286 2655 1366 2699 ex
1428 2655 1508 2699 ea
1567 2655 1668 2713 re,
1740 2632 1921 2716 quod'
1959 2633 2208 2699 Ludum
2271 2641 2608 2713 secuntur,
2679 2634 2765 2699 ad
2831 2635 3240 2725 sententiam,
3311 2655 3439 2716 qua
3482 2615 3673 2718 volgo
3717 2637 3800 2700 ab

530 2756 814 2820 Ausonio
876 2774 989 2820 eas
1050 2754 1369 2839 profectas
1428 2774 1573 2819 esse
1636 2753 2037 2837 statuebant,
2106 2755 2645 2839 comprobandam
2706 2754 3066 2820 redundare
3128 2756 3322 2821 facile
3374 2756 3792 2840 intellegitur,

530 2875 910 2961 praesertim
942 2896 1082 2942 cum
1114 2875 1386 2940 Ausonii
1417 2876 1728 2959 opuscula
1758 2895 1886 2940 non
1918 2893 2173 2960 semper
2203 2875 2505 2940 continua
2537 2875 2702 2940 serie
2736 2896 2807 2940 se
2838 2876 2907 2939 in
2936 2876 3057 2942 hoe
3088 2876 3250 2941 libro
3284 2878 3635 2962 excipiant;
3686 2899 3802 2943 ve-

531 2997 656 3061 luti
685 2996 854 3061 inter
882 3016 1141 3062 carmen
1170 2996 1489 3061 XXVIIII
1520 3003 1586 3061 et
1614 2996 1852 3061 Versus
1884 2996 2227 3079 paschales
2260 2995 2305 3060 f.
2347 2997 2424 3058 27
2470 2995 2696 3061 inserti
2739 3002 2887 3060 sunt
2921 3015 3160 3061 versus.
3189 2996 3435 3080 aliquot
3472 2996 3804 3063 Prudentii

544 3117 800 3201 (Apoth.
856 3118 978 3180 782
1005 3119 1200 3201 sqq.).
1285 3116 1403 3181 sed
1448 3115 1865 3181 memorabile
1908 3116 2190 3200 profecto
2236 3122 2353 3198 est,
2408 3116 2578 3199 quod
2623 3115 2688 3180 in
2734 3116 3040 3199 periocha
3083 3117 3350 3181 alterius
3397 3117 3541 3181 libri
3575 3119 3803 3184 Iliadis

534 3257 760 3302 versus
820 3237 1047 3303 tertius
1113 3235 1486 3304 ‘Caelestes
1529 3238 1985 3320 hominumque
2031 3258 2237 3322 genus
2284 3238 2652 3332 superabile
2698 3238 2894 3303 curis'
2953 3238 3279 3323 conspirat
3321 3259 3465 3303 cum
3513 3261 3621 3319 e0,
3690 3241 3797 3324 qui

535 3367 634 3424 est
679 3358 998 3443 epistulae
1029 3358 1283 3424 XVIIII
1326 3359 1589 3442 quintus
1644 3361 1813 3423 ‘Iam
1859 3359 2153 3424 volucres
2199 3358 2655 3441 hominumque
2701 3379 2908 3442 genus
2955 3360 3324 3444 superabile
3357 3360 3579 3424 curis'.
3667 3361 3795 3425 iam

535 3498 676 3543 cum
708 3479 1032 3544 Ausonius
1079 3480 1338 3565 saepius
1385 3498 1609 3545 versus
1656 3498 1806 3543 suos
1850 3479 1916 3543 in
1963 3478 2110 3544 aliis
2157 3478 2549 3544 carminibus
2596 3487 2847 3564 repetat
2864 3483 2967 3563 ⁵3),
3021 3479 3169 3543 inde
3216 3479 3488 3544 fortasse
3527 3481 3796 3562 colligas

532 3599 705 3664 hunc
763 3599 1052 3665 libellum
1114 3600 1199 3665 ad
1260 3620 1404 3665 eum
1452 3598 1859 3665 referendum
1905 3618 2083 3677 esse3
2153 3599 2271 3663 sed
2314 3600 2515 3663 multo
2559 3600 2694 3664 veri
2742 3598 3008 3664 similior
3052 3599 3209 3663 mihi
3253 3599 3386 3663 alia
3431 3595 3797 3665 coniectura

534 3738 682 3784 esse
728 3718 1006 3784 videtur.
1101 3720 1337 3785 etenim
1385 3727 1455 3785 ut
1497 3720 1820 3784 Ausonius
1865 3720 1941 3783 E.
1994 3718 2245 3783 XVIIII
2285 3724 2302 3780 1
2343 3738 2481 3801 sqq.
2536 3719 2822 3784 Senecae
2867 3719 2935 3783 in
2979 3718 3115 3783 ludi
3162 3720 3243 3784 de
3290 3727 3489 3785 morte
3537 3721 3796 3786 Claudii

545 3860 598 3904 c.
655 3843 692 3902 2
739 3859 964 3905 versus
1007 3841 1292 3906 imitatus
1340 3848 1457 3920 est,
1511 3842 1601 3905 ita
1643 3839 2026 3922 Fulgentius
2070 3839 2275 3924 Myth.
2327 3839 2358 3903 I
2405 3843 2529 3903 616
2555 3858 2695 3922 sqq.
2748 3840 2816 3903 S.
2867 3839 3037 3904 hunc
3080 3840 3350 3904 Ausonii
3394 3840 3603 3905 locum
3649 3841 3797 3906 imi-—

537 3960 734 4024 tando
781 3961 1119 4045 expressit.
1216 3962 1385 4027 adde
1432 3962 1602 4044 quod
1647 3961 1759 4025 ille
1805 3959 2030 4026 eodem
2074 3962 2213 4025 loco
2259 3980 2359 4040 ea,
2413 3980 2579 4041 quae
2624 3960 2949 4025 Ausonius
2997 3961 3279 4025 XXVIII
3327 3966 3389 4042 4,
3435 3965 3471 4026 8
3520 3961 3599 4027 de
3646 3963 3797 4027 Sul-

540 4080 747 4164 piciae
809 4082 1118 4166 opusculo
1179 4082 1373 4164 dixit,
1443 4082 1683 4147 diserte
1729 4079 2073 4164 significat.
2165 4081 2296 4145 iam
2343 4102 2486 4145 cum
2531 4080 2790 4146 dicendi
2836 4100 3042 4164 genus
3084 4081 3153 4144 in
3196 4081 3526 4147 Periochis
3570 4082 3656 4147 ad
3699 4083 3785 4162 id,

534 4221 659 4284 quo
718 4202 1100 4284 Fulgentius
1161 4222 1317 4267 usus
1377 4210 1503 4282 est,
1572 4202 1785 4286 potius
1845 4221 2037 4283 quam
2093 4201 2178 4265 ad
2221 4201 2663 4267 Ausonianum
2722 4201 2990 4267 accedat
3046 4208 3111 4266 et
3166 4201 3232 4265 in
3293 4201 3584 4266 Parisino
3646 4209 3795 4267 ante

536 4320 804 4385 Ausonii
849 4321 1103 4387 Ludum
1152 4322 1200 4387 f.
1255 4327 1519 4386 3V---14r
1565 4321 2103 4406 Mythologiarum
2152 4321 2298 4387 libri
2342 4342 2383 4385 a
2426 4321 2771 4405 Fulgentio
2819 4321 3157 4406 conscripti
3202 4322 3520 4405 legantur,
3574 4322 3795 4386 malim

535 4462 677 4506 cum
723 4443 994 4526 Peipero
1042 4446 1163 4506 314
1214 4463 1358 4508 eum
1405 4443 1696 4508 libellum
1743 4442 1892 4507 huic
1935 4442 2237 4507 tribuere.
2333 4443 2449 4507 sed
2510 4447 2579 4507 ut
2621 4442 2984 4506 accuratius
3029 4441 3093 4505 in
3141 4463 3284 4508 eam
3332 4463 3463 4507 rem
3510 4442 3796 4523 inquira-

538 4582 701 4643 mus,
754 4583 881 4627 non
927 4563 1118 4628 huius
1163 4564 1283 4628 loci
1333 4582 1477 4628 esse
1522 4563 1796 4628 videtur.

707 4958 847 5036 Quo
893 4958 1148 5023 facilius
1196 4965 1432 5038 autem,
1485 4959 1715 5042 quibus
1761 4959 1944 5024 libris
1991 4958 2562 5041 singula‘Ausonii
2606 4961 2918 5043 opuscula
2963 4959 3200 5024 tradita
3246 4959 3389 5037 sint,
3450 4959 3795 5041 intellega-

532 5087 666 5156 tur,
721 5100 1110 5162 quamquam
1155 5079 1223 5143 id
1271 5079 1457 5162 siglis
1505 5080 1791 5144 codicum
1838 5080 1903 5143 in
1950 5080 2239 5164 margine
2286 5078 2557 5144 adiectis
2603 5078 2992 5161 significavi,
3047 5088 3261 5144 tamen
3306 5079 3615 5159 tabulam,
3669 5100 3796 5162 qua

539 5220 619 5263 ea
664 5219 767 5264 res
812 5198 1191 5281 illustratur,
1245 5199 1625 5282 adiungam:

706 5494 790 5553 52)
836 5495 909 5543 Cu
880 5510 966 5542 um
1006 5495 1170 5543 codice
1210 5496 1359 5554 Regio
1396 5509 1485 5543 con
1490 5497 1620 5555 spir
1597 5502 1648 5543 at
1681 5510 1747 5558 qu
1754 5511 1832 5543 am
1871 5510 1950 5543 mn
1955 5497 2088 5543 xime
2127 5496 2252 5543 'rrev
2258 5497 2445 5553 ericus,
2504 5498 2591 5557 qui
2629 5501 2706 5542 est
2740 5498 2793 5542 in
2832 5496 3145 5554 bybliotheca
3181 5497 3378 5554 urbica,
3432 5497 3658 5554 signatus
3697 5508 3794 5541 nu-

533 5595 666 5629 mero
708 5580 1342 5644 1⁴64‚0aec.x1.quo
1379 5582 1441 5630 de
1478 5582 1602 5629 libro
1639 5584 1743 5641 egit
1777 5583 1833 5631 P.
1881 5583 1950 5630 La
1922 5596 2084 5642 angen
2121 5584 2173 5630 in
2213 5582 2374 5640 symb.
2415 5583 2598 5642 philol.
2640 5584 2892 5631 Bonnens.
2934 5584 2988 5629 in
3026 5583 3259 5630 honorem
3297 5581 3351 5629 F.
3397 5582 3535 5629 Ritsc
3538 5581 3659 5628 helii
3698 5580 3797 5627 col-

534 5669 665 5715 lecu
700 5682 753 5728 p.
795 5666 915 5717 263.
993 5668 1234 5727 leguntur
1272 5668 1322 5716 in
1361 5670 1470 5716 eius
1506 5669 1541 5717 f.
1589 5667 1709 5717 116Υ
1745 5669 1966 5718 carmina
2000 5669 2151 5720 xvn
2188 5666 2273 5726 29,
2315 5683 2361 5716 e.
2405 5667 2471 5716 49
2509 5673 2562 5716 et
2599 5669 2679 5717 50.
2757 5671 2867 5730 ipse
2904 5669 3115 5718 contuli.

709 5752 1766 5816 53)cs.11135sq.‚.etxl241sq;
1807 5754 3191 5817 V2‚,9et99;e;V1·1tvl11xvct‚3sq.
3234 5754 3576 5815 et18,421.

3302 5857 3383 5920 g.
