4630 6435
824 435 845 494 1
862 434 944 495 80
2295 430 2604 488 AVSONII

819 641 961 686 cum
1008 620 1300 686 redditae
1345 627 1494 686 sunt
1538 620 1696 686 mihi
1741 620 1992 687 litterae
2037 628 2187 688 tuae
2236 620 2473 706 oppido
2521 642 2714 704 quam
2746 621 3094 687 litteratae.
3187 621 3289 687 his
3321 622 3514 705 longe
3543 622 4081 689 iucundissimum

818 744 1048 809 poema
1093 722 1515 808 subdideras,
1567 724 1740 807 quod
1785 724 1866 790 de
1912 724 2116 791 tribus
2162 725 2449 791 Suetonii
2495 725 2714 807 libris,
2766 744 2929 808 quos
2972 725 3087 791 ille
3133 724 3213 792 de
3259 725 3519 808 regibus
3565 725 3776 807 dedit,
3830 726 3898 791 in
3942 726 4083 811 epi-

818 835 1032 893 tomen
1079 827 1378 910 coegisti,
1434 834 1617 892 tanta
1660 827 2014 910 elegantia,
2083 828 2263 893 solus
2311 834 2382 893 ut
2424 827 2581 893 mihi
2628 827 2893 894 videare
2938 827 3314 909 adsecutus,
3385 829 3560 911 quod
3605 836 3827 895 contra
3871 850 4080 895 rerum
4128 849 4185 889 ιε

819 936 1114 995 naturam
1159 936 1276 1010 est,
1332 929 1614 995 brevitas
1661 937 1730 994 ut
1777 931 2050 996 obscura
2092 951 2218 996 non
2264 939 2460 997 esset.
2555 931 2621 996 in
2667 930 2770 997 his
2814 930 3111 997 versibus
3156 951 3276 1014 ego
3322 931 3449 997 ista
3494 933 3799 1016 cognovi:

1489 1138 1937 1222 Europamque
1980 1138 2368 1221 Asiamque,
2420 1138 2546 1204 duo
2590 1139 2694 1204 vel
2745 1138 3027 1205 maxima
3069 1145 3278 1205 terrae

1487 1241 1807 1325 membra,
1860 1243 2091 1326 quibus
2136 1242 2412 1328 Libyam
2459 1242 2655 1308 dubie
2702 1243 3049 1309 Sallustius
3093 1242 3278 1308 addit

1487 1344 1783 1428 Europae
1829 1344 2234 1428 adiunctam,
2287 1345 2493 1430 possit
2536 1366 2682 1412 cum
2728 1345 2920 1412 tertia
2966 1344 3129 1424 dici,

1320 1468 1382 1509 ιο
1488 1453 1792 1530 regnatas
1837 1448 2088 1528 multis,
2144 1468 2301 1532 quos
2347 1449 2524 1514 fama
2568 1448 2895 1514 oblitterat
2940 1456 3006 1514 et
3052 1467 3212 1531 quos

1488 1550 1763 1616 barbara
1808 1552 2133 1617 Romanae
2177 1571 2302 1616 non
2349 1552 2611 1617 tradunt
2654 1551 2914 1616 nomina
2957 1550 3250 1635 linguae,

1488 1654 1830 1719 Illibanum
1876 1655 2354 1738 Numidamque
2400 1654 2655 1721 Avelim
2702 1655 3136 1738 Parthumque
3182 1656 3506 1721 Vononem

1491 1765 1555 1823 et
1600 1757 1953 1837 Caranum,
2010 1759 2273 1825 Pellaea
2320 1759 2500 1825 dedit
2541 1759 2653 1842 qui
2701 1759 2963 1825 nomina
3005 1779 3267 1842 regum,

1447 1854 1725 1945 ‘quique
1771 1881 1992 1945 magos
2038 1863 2254 1928 docuit
2298 1863 2609 1947 mysteria
2652 1883 2826 1928 vana
2870 1863 3282 1947 Nechepsos,

1322 1984 1385 2026 25
1490 1971 1555 2030 et
1598 1965 1708 2048 qui
1752 1966 2048 2049 regnavit
2091 1965 2230 2032 sine
2275 1966 2533 2032 nomine
2577 1986 2854 2049 moxque
2902 1966 3239 2032 Sesostris.

996 2173 1173 2237 Haec
1217 2180 1284 2237 ιιι
1331 2192 1523 2254 quam
1570 2171 1776 2255 perite
1822 2178 1887 2237 et
1932 2172 2270 2251 concinne,
2343 2192 2536 2256 quam
2579 2172 2907 2238 modulate
2952 2180 3018 2238 et
3061 2172 3368 2253 dulciter,
3435 2172 3525 2238 ita
3568 2173 3751 2239 iuxta
3794 2181 4085 2240 naturam

820 2277 1248 2340 Romanorum
1295 2282 1673 2341 accentuum
1720 2275 2103 2357 enuntiasti,
2171 2282 2243 2341 ut
2298 2283 2516 2341 tamen
2577 2276 2748 2341 veris
2793 2283 2859 2342 et
2900 2275 3279 2361 primigenis
3324 2276 3587 2343 vocibus
3649 2298 3768 2342 sua
3825 2277 4088 2361 fastigia

820 2400 943 2444 non
989 2379 1290 2463 perirent.
1384 2378 1513 2443 iam
1554 2378 1708 2462 quid
1755 2377 1835 2443 de
1881 2379 2250 2461 eloquentia
2295 2380 2554 2446 dicam?
2606 2379 2851 2462 liquido
2896 2379 3196 2446 adiurare
3241 2398 3503 2464 possum
3548 2380 3794 2446 nullum
3839 2381 3956 2447 tibi
4002 2382 4089 2447 ad

820 2482 1139 2569 poeticam
1198 2482 1566 2547 facundiam
1625 2483 1953 2547 Romanae
2013 2481 2366 2548 iuventutis
2430 2484 2716 2565 aequari.
2824 2491 2994 2549 certe
3061 2483 3153 2549 ita
3210 2481 3366 2547 mihi
3427 2482 3688 2549 videris.
3802 2484 3857 2549 si
3918 2504 4078 2565 erro,

819 2593 1006 2670 pater
1057 2605 1233 2665 sum,
1298 2584 1396 2648 fer
1455 2604 1556 2649 me
1615 2591 1681 2649 et
1736 2584 1866 2649 noli
1928 2584 2191 2668 exigere
2249 2585 2558 2650 iudicium
2618 2587 2911 2652 obstante
2971 2586 3235 2671 pietate.
3329 2606 3548 2651 verum
3610 2607 3733 2670 ego
3795 2607 3936 2652 cum
3983 2588 4087 2673 pie
4125 2606 4186 2647 30

822 2688 1113 2771 diligam,
1169 2687 1415 2752 sincere
1446 2708 1523 2752 ac
1554 2707 1776 2753 severe
1805 2687 2043 2753 iudice.
2122 2687 2312 2754 affice
2354 2710 2478 2772 me,
2517 2709 2646 2771 erc,
2686 2688 2802 2753 tali
2833 2709 3095 2754 munere
3126 2688 3518 2771 frequenter,
3556 2711 3680 2773 quo
3712 2697 3778 2756 et
3805 2691 4086 2756 oblector

822 2799 885 2856 et
930 2790 1222 2855 honoror.
1312 2791 1589 2857 accessit
1631 2791 1747 2857 tibi
1792 2791 1878 2856 ad
1921 2799 2123 2857 artem
2169 2793 2484 2877 poeticam
2532 2793 2768 2858 mellea
2812 2792 3121 2858 adulatio,
3203 2791 3356 2876 quid
3403 2793 3574 2859 enim
3618 2793 3799 2858 aliud
3842 2802 4080 2877 agunt:

1499 3000 1716 3065 audax
1761 2999 1967 3064 Icario
2012 2999 2122 3083 qui
2167 3000 2323 3066 fecit
2364 3000 2623 3067 nomina
2667 3007 2895 3084 ponto,

1498 3108 1561 3167 et
1604 3101 1717 3184 qui
1761 3102 2168 3168 Chalcidicas
2214 3103 2542 3169 moderate
2587 3103 2806 3169 enavit
2850 3103 2936 3168 ad
2980 3123 3194 3183 arces,

829 3311 952 3376 nisi
1001 3316 1069 3374 ut
1112 3317 1182 3375 tu
1227 3315 1524 3391 vegetam
1572 3314 1636 3374 et
1680 3309 2019 3375 sublimem
2068 3311 2465 3376 alacritatem
2513 3319 2687 3376 tuam
2732 3311 3160 3376 temeritatem
3209 3331 3420 3392 voces,
3480 3332 3582 3377 me
3628 3333 3779 3377 vero
3824 3319 3889 3378 et
3931 3335 4085 3380 con-
4126 3332 4187 3371 ³⁵

826 3414 1064 3478 sultum
1108 3419 1175 3478 et
1216 3433 1404 3495 quem
1450 3411 1621 3476 filius
1667 3412 1902 3478 debeat
1943 3413 2200 3495 imitari,
2256 3414 2527 3480 salutari
2558 3414 2900 3499 prudentia
2930 3413 3288 3498 praeditum
3321 3413 3545 3478 dicas?
3587 3414 3758 3498 quod
3789 3417 4085 3499 equidem

824 3524 1042 3582 contra
1086 3524 1205 3581 est.
1301 3537 1449 3580 nam
1492 3522 1561 3580 tu
1609 3535 1861 3581 summa
1906 3516 2000 3582 sic
2044 3518 2320 3603 appetis,
2373 3525 2443 3582 ut
2486 3538 2610 3582 non
2657 3517 2955 3582 decidas:
3029 3523 3325 3582 senectus
3372 3536 3517 3581 mea
3561 3519 3720 3582 satis
3765 3518 3980 3602 babet,
4032 3520 4088 3584 si

825 3619 1149 3685 consistat.
1244 3619 1407 3685 haec
1465 3618 1551 3684 ad
1609 3626 1671 3685 te
1733 3620 2011 3685 breviter
2056 3628 2119 3686 et
2162 3620 2314 3685 ilico
2360 3621 2649 3705 vesperis
2694 3621 2872 3686 illius
2919 3627 3135 3686 secuto
3181 3641 3370 3685 mane
3420 3620 3680 3687 dictavi.
3776 3622 3868 3686 ita
3914 3622 4086 3687 enim

823 3723 1199 3788 tabellarius
1244 3730 1410 3805 tuus,
1464 3730 1534 3788 ut
1577 3723 1922 3806 epistulam
1968 3723 2252 3805 referret,
2307 3724 2610 3789 instabat.
2705 3744 2856 3788 nam
2903 3723 2957 3788 si
3004 3722 3157 3787 mihi
3206 3724 3401 3788 otium
3435 3723 3644 3804 fuerit,
3699 3724 4087 3791 oblectabile

825 3826 1148 3908 negotium
1196 3826 1318 3891 erit
1360 3826 1446 3890 ad
1489 3833 1552 3891 te
1598 3825 1909 3910 prolixius
1955 3826 2254 3909 delirare,
2307 3836 2373 3893 te
2420 3835 2489 3892 ut
2533 3827 2806 3907 eliciam,
2864 3827 3020 3891 mihi
3065 3834 3136 3892 ut
3181 3826 3598 3892 satisfaciam.
3693 3829 3864 3893 vale.
4123 3847 4184 3886 «ιο

1003 4154 1064 4203 16
1101 4156 1222 4204 Hor.
1264 4156 1430 4217 Epist.
1473 4156 1518 4203 11
1559 4155 1606 4216 3,
1650 4155 1715 4206 25
1741 4171 1815 4219 sq.
1858 4159 2021 4206 brevis
2059 4172 2172 4205 esse
2210 4158 2392 4219 laboro,
2435 4160 2675 4206 obscurus
2713 4159 2776 4206 ilo
3036 4155 3093 4206 17
3136 4158 3260 4207 Stat.
3303 4159 3490 4207 Achill.
3531 4160 3555 4206 1
3592 4158 3695 4210 4¹0
3733 4160 4086 4223 Europamque

824 4244 1101 4304 Asiamque
1354 4242 1414 4291 18
1454 4243 1570 4292 Sall.
1614 4244 1733 4292 bell.
1776 4244 1886 4303 lug.
1934 4242 2010 4306 17,
2055 4245 2085 4294 3
2122 4245 2176 4291 in
2213 4244 2464 4292 divisione
2501 4245 2632 4292 orbis
2671 4250 2827 4292 terrae
2864 4246 3096 4305 plerique
3133 4246 3191 4292 in
3225 4249 3366 4306 parte
3405 4246 3557 4293 tertia
3594 4247 3815 4294 Africam
3851 4261 4083 4310 posuere,

823 4331 971 4392 pauci
1007 4329 1349 4377 tantummodo
1385 4330 1557 4377 Asiam
1594 4337 1646 4377 et
1680 4330 1930 4391 Europam
1968 4343 2093 4388 esse,
2137 4333 2216 4378 set
2251 4330 2474 4377 Africam
2511 4331 2564 4378 in
2604 4330 2807 4393 Europa
3028 4329 3091 4378 33
3129 4329 3273 4381 Ovid.
3321 4332 3476 4379 Trist.
3517 4333 3540 4378 1
3583 4331 3626 4393 l,
3671 4330 3737 4381 90
3774 4333 3943 4381 Icarus
3980 4335 4087 4382 Ica-

826 4418 913 4464 riis
950 4417 1155 4464 nomina
1191 4416 1312 4463 fecit
1347 4417 1491 4477 aquis
1564 4417 1684 4464 Hor.
1729 4414 1892 4464 Oarm.
1936 4416 2040 4463 1111
2067 4414 2115 4477 2,
2148 4416 2178 4464 3
2201 4429 2276 4477 sq.
2321 4416 2478 4464 vitreo
2515 4417 2723 4464 daturus
2761 4417 2966 4465 nomina
3001 4423 3154 4478 ponto
3364 4415 3429 4467 34
3466 4416 3618 4478 Vei-g.
3651 4419 3781 4467 Aen.
3823 4418 3897 4465 VI
3926 4417 3987 4468 16
4007 4434 4080 4481 sq.

824 4505 923 4551 iter
964 4540 975 4551 .
1011 4540 1021 4550 .
1053 4538 1065 4552 .
1109 4503 1279 4549 enavit
1313 4501 1375 4549 ad
1411 4507 1568 4548 arctos
1607 4500 1985 4563 Chalcidicaque
2028 4539 2038 4550 .
2071 4539 2083 4550 .
2117 4538 2128 4550 .
2173 4517 2329 4563 super
2364 4503 2530 4550 astitit
2565 4517 2672 4550 arce
2883 4501 2944 4548 37
2974 4518 3081 4564 sqq.
3129 4504 3304 4551 Laber.
3345 4504 3446 4551 inc.
3489 4502 3520 4550 4
3546 4503 3605 4550 R.
3656 4502 3775 4564 (128
3803 4505 3902 4566 sq.)
3944 4519 4084 4553 sum-

825 4604 960 4637 mum
998 4589 1058 4636 ad
1098 4588 1302 4648 gradum
1340 4603 1453 4636 cum
1490 4588 1730 4637 claritatis
1768 4589 1987 4649 veneris,
2028 4589 2271 4636 consistes
2308 4602 2471 4648 aegre,
2514 4590 2651 4636 nictu
2692 4589 2844 4635 citius
2884 4589 3082 4635 decidas

1000 4882 1059 4932 13
1097 4883 1281 4947 oppido
1315 4896 1415 4933 om.
1464 4882 1506 4929 T
1746 4881 2167 4934 iocundissimum
2210 4881 2300 4928 ΤΜ
2557 4881 2617 4931 14
2657 4882 2717 4929 de
2751 4887 2862 4942 post
2896 4883 2984 4929 ille
3021 4896 3118 4929 om.
3162 4881 3303 4945 ΜχΕ
3543 4896 3643 4943 quo
3677 4882 3740 4930 de
3778 4884 3940 4931 tribus
3977 4920 3991 4934 .
4024 4920 4037 4932 .
4069 4921 4080 4932 .

822 4971 962 5020 dedit
999 4972 1254 5033 epitomen
1290 4966 1632 5031 Reifferscheid
1668 4968 1808 5016 Suet.
1848 4970 1934 5017 rel.
1975 4984 2027 5029 p.
2057 4970 2159 5016 315
2374 4967 2436 5015 15
2474 4974 2778 5029 assequutus
2822 4967 2862 5013 Τ
3075 4966 3136 5015 16
3173 4965 3407 5033 cognovi]
3443 4968 3620 5027 collegi
3662 4967 3703 5013 Τ
3917 4967 3979 5018 18
4012 4970 4088 5029 ly-

824 5059 955 5104 biam
999 5056 1101 5102 ΤΜ
1379 5053 1441 5103 19
1476 5060 1647 5116 posset
1687 5054 1728 5099 T
2020 5053 2084 5103 20
2121 5055 2384 5104 oblicterat
2429 5054 2495 5116 T,
2553 5055 2785 5102 obliterat
2826 5052 2880 5099 M
3167 5051 3230 5101 22
3270 5067 3520 5102 uonouem
3558 5051 3615 5099 M
3888 5052 3952 5103 24
3992 5056 4088 5102 mi-

822 5143 972 5191 steria
1015 5140 1111 5188 TM
1318 5141 1571 5201 mechepsi
1615 5139 1673 5197 T,
1716 5139 1950 5200 nethepsi
1987 5156 2038 5200 v,
2079 5139 2317 5202 nechepsi
2354 5144 2444 5188 cet.
2488 5140 2548 5201 E,
2589 5140 2880 5201 Nechepsus
2923 5139 3057 5201 Vin„
3097 5139 3354 5201 Necepsus
3391 5141 3548 5201 υοιρο,
3593 5140 3876 5201 Nechepsos
3912 5144 4085 5202 scripsi

824 5228 887 5275 25
926 5240 1143 5288 moxque
1181 5228 1413 5274 sesostris
1459 5227 1514 5285 T,
1556 5239 1671 5273 mox
1710 5227 1971 5273 sesoostris
2006 5231 2095 5275 cet.
2141 5227 2185 5272 Ε
2218 5229 2366 5286 υοιρο
2588 5225 2649 5274 27
2690 5232 2960 5274 acentuum
3005 5226 3046 5271 T
3252 5227 3388 5273 ueris
3425 5241 3480 5273 ac
3513 5226 3603 5290 χΕ
3633 5227 3777 5285 volyo
3985 5228 4087 5289 pri-

823 5314 1059 5373 migeniis
1096 5312 1210 5360 Pur.
1253 5313 1409 5372 volyo,
1451 5313 1661 5372 fortasse
1695 5316 1821 5358 recte
2049 5311 2113 5360 28
2152 5313 2312 5359 dicam
2351 5313 2393 5359 si
2432 5311 2554 5372 quid
2597 5311 2651 5358 M
2874 5310 2941 5360 29
2979 5313 3144 5359 uideri
3185 5327 3246 5372 ω,
3291 5312 3475 5360 videris
3523 5309 3665 5360 ναι*
3893 5312 3960 5361 30
3997 5327 4085 5373 ego

821 5416 917 5447 om.
964 5400 1005 5446 E
1035 5401 1177 5458 volqo
1406 5396 1464 5444 31
1509 5394 1587 5463 ac]
1624 5403 1675 5444 et
1716 5398 1757 5443 T
1981 5397 2047 5446 32
2086 5400 2139 5445 in
2177 5405 2334 5446 artem
2372 5399 2551 5458 Daph.
2784 5400 2943 5446 melea
2985 5398 3026 5444 T
3253 5397 3316 5446 33
3358 5399 3515 5457 ycario
3555 5397 3611 5444 M
3834 5397 3899 5446 34
3940 5399 4085 5446 calci-

820 5486 955 5533 dicas
998 5483 1101 5531 ΤΜ
1355 5483 1519 5532 arthos
1556 5482 1627 5544 M,
1668 5490 1827 5532 arctos
1862 5489 1975 5544 cet„
2022 5485 2197 5532 ‘uetus
2234 5486 2409 5532 lectio:
2451 5485 2511 5532 ad
2548 5482 2710 5532 arces’
2749 5485 3021 5532 Act-ursina
3301 5482 3366 5532 35
3403 5489 3459 5530 ιιι
3497 5497 3591 5533 om.
3634 5498 3740 5547 mu,
3779 5491 3839 5533 ut
3876 5491 3928 5533 et
3963 5485 4081 5533 Par.

819 5574 960 5633 volyo
1222 5565 1491 5619 Sublimem
1529 5575 1582 5618 et
1617 5560 1851 5633 ueffetam
1895 5570 1935 5616 Τ
2190 5569 2560 5618 themeritatem
2599 5568 2670 5631 M,
2711 5571 3021 5617 emeritatem
3063 5569 3105 5615 T
3140 5572 3263 5632 (loeo
3300 5571 3490 5617 litterae
3524 5572 3679 5618 minio
3716 5570 3975 5620 addendae
4008 5586 4086 5620 rc-

819 5660 950 5720 licto)
1168 5670 1249 5703 me
1285 5669 1431 5704 uoces
1477 5658 1518 5703 T
1557 5659 1652 5719 (me
1690 5659 1926 5718 expunxit
1959 5661 2005 5703 et
2042 5669 2120 5702 me
2152 5660 2263 5715 post
2300 5669 2448 5704 uoces
2484 5670 2523 5703 s.
2563 5671 2611 5702 v.
2654 5654 2770 5702 add.
2813 5655 3100 5716 rubricator)
3331 5655 3396 5704 36
3433 5657 3618 5704 mutari
3656 5653 3713 5702 M
3920 5656 3986 5706 38
4022 5657 4086 5703 il-

821 5744 915 5794 lico
953 5759 995 5796 ω
1210 5746 1422 5806 sequuto
1465 5742 1506 5788 T
1718 5741 1783 5791 39
1821 5742 2083 5807 epistolam
2124 5757 2166 5793 ω
