4630 6435
782 443 897 505 130
1834 412 1841 419 ’
2241 445 2551 501 Avsonu

1444 633 1559 699 tris
1606 634 1874 719 sophiae
1919 640 2169 720 partes,
2223 635 2348 700 tria
2392 634 2636 700 Punica
2680 634 2888 714 bella,
2944 633 3340 700 trimenstres

1272 755 1334 799 2⁵
1442 760 1754 804 annorum
1799 739 2093 822 caelique
2140 739 2313 804 vices
2363 739 2694 823 noctisque
2739 760 2857 824 per
2902 739 3191 805 umbram

1439 843 1777 926 tergemini
1821 843 2077 926 vigiles.
2171 849 2269 907 ter
2312 843 2490 908 clara
2534 843 2836 908 instantis
2881 842 3002 907 Eoi

1441 945 1629 1028 signa
1673 946 1845 1011 canit
1888 966 2071 1011 serus
2115 945 2435 1029 deprenso
2479 946 2682 1011 Marte
2730 946 3014 1011 satelles.

1440 1056 1503 1113 et
1547 1048 1658 1130 qui
1704 1056 2046 1132 conceptus
2091 1049 2452 1133 triplicatae
2498 1068 2766 1132 vespere
2816 1048 3052 1127 noctis,

1437 1153 1617 1218 iussa
1662 1160 1889 1234 quater
1930 1152 2132 1217 ternis
2178 1151 2406 1217 adfixit
2449 1152 2664 1237 opima
2711 1151 3016 1238 tropaeis.

1272 1274 1330 1314 ³⁰
1439 1264 1503 1322 et
1546 1256 1732 1340 lyrici
1776 1263 1959 1322 vates
2006 1277 2268 1323 numero
2315 1263 2465 1322 sunt
2509 1257 3109 1340 Mnemosynarum,

1439 1360 1554 1424 tris
1601 1361 1773 1425 solas
1818 1360 2139 1441 quondam
2184 1361 2391 1425 tenuit
2435 1380 2596 1441 quas
2645 1360 2911 1426 dextera
2957 1358 3238 1424 Phoebi:

1439 1471 1538 1528 set
1581 1463 1884 1529 Citheron
1928 1464 2166 1529 totiens
2209 1471 2428 1529 ternas
2475 1483 2556 1528 ex
2601 1483 2750 1528 aere
2797 1463 3081 1528 sacravit

1437 1566 1773 1649 relligione
1817 1573 2102 1650 patrum,
2157 1566 2264 1649 qui
2313 1586 2428 1631 sex
2476 1565 2797 1649 sprevisse
2840 1565 3172 1630 timebant.

1437 1669 1605 1734 trina
1649 1669 1998 1735 Tarentino
2045 1669 2368 1733 celebrata
2412 1668 2707 1733 trinoctia
2753 1667 2942 1750 ludo,

1271 1791 1331 1830 ³5
1437 1773 1660 1856 qualia
1703 1773 1803 1837 bis
1847 1773 2064 1856 genito
2111 1772 2355 1838 Thebis
2401 1771 2726 1837 trieterica
2770 1772 3047 1836 Bacch0.

1438 1878 1552 1943 tris
1601 1876 1841 1961 primas
1887 1878 2216 1942 thraecum
2262 1895 2518 1960 pugnas
2564 1875 2768 1941 tribus
2814 1874 3038 1940 ordine
3084 1875 3272 1941 bellis

1437 1980 1750 2045 Iuniadae
1795 1981 2002 2064 patrio
2046 1980 2312 2044 inferias
2359 1979 2592 2044 misere
2640 1979 2955 2063 sepulcro,

1434 2084 1551 2148 illa
1597 2084 1791 2149 etiam
1837 2083 2160 2148 thalamos
2207 2102 2322 2167 per
2366 2082 2534 2148 trina
2580 2082 2950 2164 aenigmata
2993 2101 3350 2163 quaerenS‚

1437 2187 1549 2268 qui
1595 2187 1778 2271 bipes
1826 2192 1890 2251 et
1934 2187 2301 2270 quadrupes
2348 2185 2509 2250 foret
2555 2191 2619 2250 et
2664 2185 2897 2269 tripes,
2953 2184 3166 2249 omnia
3213 2185 3422 2261 solus,

1270 2308 1328 2346 ⁴0
1437 2290 1663 2356 terruit
1707 2289 2021 2369 Aoniam,
2077 2288 2391 2369 volucris,
2446 2289 2581 2367 leo,
2639 2288 2844 2369 virgo,
2900 2287 3205 2352 triformis

1438 2393 1717 2477 Sphinx,
1773 2393 2051 2457 volucris
2097 2392 2348 2476 pinniS,
2401 2391 2676 2477 pedibus
2722 2391 2893 2472 fera,
2946 2391 3152 2455 fronte
3199 2391 3438 2474 puella.

1436 2497 1605 2562 trina
1649 2496 1716 2561 in
1760 2496 2037 2581 Tarpeio
2083 2495 2336 2580 fulgent
2379 2495 2699 2560 consortia
2743 2495 3007 2579 templo.

1438 2600 1720 2666 humana
1764 2598 2052 2664 efficiunt
2095 2598 2473 2663 habitacula
2516 2606 2819 2681 tergenus
2866 2604 3073 2663 artes:

1437 2703 1789 2787 parietibus
1835 2703 1944 2784 qui
1991 2721 2154 2767 saxa
2198 2703 2398 2779 locat,
2455 2702 2566 2784 qui
2612 2702 2890 2766 culmine
2937 2701 3152 2784 tigna,

1267 2822 1331 2863 4⁵
1436 2813 1499 2871 et
1545 2807 1655 2888 qui
1702 2825 1997 2890 supremo
2044 2806 2236 2870 comit
2281 2805 2547 2870 tectoria
2593 2805 2788 2869 cultu.

1436 2909 1583 2975 hinc
1628 2910 1867 2974 Bromii
1912 2909 2293 2990 quadrantal
2344 2915 2409 2973 et
2452 2909 2600 2973 hinc
2649 2908 2884 2972 Sicana
2932 2907 3276 2972 medimna.

1437 3014 1554 3078 hoc
1600 3013 1835 3091 tribus,
1893 3013 2053 3078 haec
2097 3012 2373 3095 geminis
2417 3013 2620 3077 tribus
2667 3012 2950 3096 explicat
2992 3030 3147 3075 usus
3192 3010 3452 3093 agendi.

1433 3117 1501 3182 in
1546 3118 1833 3202 physicis
1878 3117 2002 3182 tria
2047 3117 2283 3201 prima,
2338 3116 2533 3196 deuS,
2588 3115 2901 3195 mundus,
2957 3115 3112 3180 data
3158 3114 3381 3179 forma.

1432 3222 1723 3304 trigenus
1768 3222 2211 3303 omnigenum,
2267 3221 2551 3305 genitor,
2603 3221 2929 3303 genetriX‚
2986 3228 3384 3304 generatum.

1269 3344 1327 3382 ⁵0
1435 3345 1550 3408 per
1592 3325 1791 3389 trinas
1838 3325 2091 3409 species
2136 3324 2531 3407 trigonorum
2577 3324 2804 3405 regula
2848 3323 3076 3403 currit,

1437 3428 1801 3510 aequilatus
1847 3429 1948 3493 vel
1997 3447 2177 3492 crure
2224 3427 2366 3510 pari
2414 3428 2514 3492 vel
2561 3427 2626 3491 in
2674 3427 2967 3491 omnibus
3013 3426 3221 3510 inpar.

1434 3530 1551 3595 tris
1597 3531 1723 3595 coit
1764 3531 1830 3594 in
1877 3537 2096 3614 partes
2142 3549 2445 3594 numerus
2493 3529 2843 3613 perfectus,
2898 3536 2969 3594 ut
3012 3529 3183 3593 idem

1437 3655 1753 3717 congrege
1798 3640 1898 3699 ter
1940 3641 2119 3699 terno
2165 3655 2281 3717 per
2325 3640 2424 3698 ter
2468 3634 2592 3698 tria
2637 3633 3050 3698 dissoluatur.

940 3925 1004 3974 35
1041 3928 1190 3987 Verg.
1238 3930 1368 3976 Aen.
1413 3930 1513 3976 1111
1555 3928 1654 3978 302
1692 3931 1943 3978 trieterica
1979 3928 2170 3978 Baccho

1246 4085 1593 4092 m—*-—

941 4182 1005 4231 24
1042 4185 1226 4247 soph'ie
1254 4189 1366 4246 pres
1392 4186 1436 4232 P
1642 4189 1820 4248 punita
1846 4187 1892 4234 P
2095 4186 2159 4235 25
2198 4187 2307 4233 uias
2336 4187 2472 4235 uices
2504 4187 2544 4232 Τ
2575 4187 2702 4246 (uias
2729 4187 2848 4246 del.)
3053 4189 3284 4248 noctique
3316 4184 3357 4232 V
3562 4184 3624 4234 27
3665 4187 3885 4248 depenso
3924 4183 4016 4243 VP,

770 4270 959 4330 deiinso
1001 4272 1055 4332 T,
1107 4273 1416 4335 deprehenso
1454 4271 1481 4322 λ
1693 4274 1808 4322 mat'
1850 4274 1893 4320 P
2116 4272 2181 4323 28
2219 4269 2452 4338 vespere]
2488 4275 2708 4335 trippere
2747 4272 2794 4319 P
3033 4273 3098 4338 29
3135 4275 3272 4321 iussa
3317 4274 3358 4320 V
3393 4275 3422 4334 (i
3460 4269 3551 4335 m2)
3765 4255 3943 4323 adfixit
3991 4274 4031 4319 V

777 4334 835 4418 (it
868 4353 980 4420 ΜΞ),
1026 4360 1188 4407 affixit
1227 4359 1273 4406 P
1477 4362 1714 4422 iussaque
1753 4362 2009 4422 quaternis
2048 4360 2318 4422 suspendit
2355 4375 2397 4407 ω
2633 4362 2800 4423 pigma
2844 4360 2885 4406 V
3101 4360 3322 4422 tropheis
3361 4359 3447 4408 Ρω
3681 4359 3748 4410 30
3787 4361 3920 4410 lirici
3969 4364 4024 4424 V,

764 4444 928 4492 linrici
966 4443 995 4494 λ
1205 4449 1622 4496 mnemosinarum
1670 4448 1711 4495 V
1734 4448 1799 4508 (m
1823 4462 1899 4508 pr.
1930 4449 1983 4495 in
2006 4462 2104 4495 ras.
2134 4444 2228 4508 m2,
2268 4449 2321 4494 in
2345 4462 2440 4508 my.
2470 4444 2546 4494 m2
2581 4447 3040 4508 mnemosinarum),
3083 4448 3521 4505 innemosynarum
3558 4446 3614 4508 P,
3657 4450 4024 4496 nemosinarum

768 4545 833 4591 ω,
874 4532 1303 4581 Mnemonidarum
1342 4535 1575 4581 Heinsius
1809 4532 1866 4581 31
1923 4535 2044 4581 solis
2082 4531 2150 4598 λχ
2188 4535 2415 4580 Accurrit·
2449 4532 2557 4581 cod.
2598 4537 2693 4581 vet.
2925 4534 3076 4594 phebi
3116 4533 3161 4579 P
3388 4531 3453 4580 32
3503 4538 3582 4579 set
3626 4533 3669 4579 V
3702 4533 3748 4595 (d
3785 4531 3893 4595 m²)‚
3941 4535 4025 4582 sed

763 4620 853 4663 cet.
1066 4620 1257 4667 citeron
1305 4620 1400 4678 VP,
1443 4620 1680 4679 cytheron
1719 4617 1748 4668 λ
1957 4619 2108 4667 haere
2154 4620 2194 4667 V
2233 4620 2378 4680 (corr.
2406 4616 2494 4680 m2)
2708 4617 2771 4666 33
2810 4619 3046 4678 religione
3085 4619 3172 4667 Ρω
3383 4620 3472 4679 qui
3511 4632 3602 4666 sex
3638 4620 3931 4680 praebuisse
3970 4621 4024 4678 V,

766 4703 879 4763 quis
918 4702 1162 4766 expuisse
1203 4704 1258 4766 P,
1299 4707 1416 4766 quis
1452 4706 1746 4767 expreuisse
1789 4703 1856 4754 T).
1893 4720 2014 4753 corr.
2052 4705 2367 4752 Pulmannus
2576 4687 2785 4752 timebat
2832 4705 2873 4751 V
2905 4688 2971 4764 (fit
3006 4717 3063 4752 ex
3100 4718 3153 4751 as
3190 4701 3276 4767 νηῒ)
3491 4704 3553 4752 34
3593 4705 3862 4753 Terentino
3904 4705 4018 4754 Par.

766 4789 910 4848 volqo
1122 4788 1374 4858 trinoctia]
1402 4793 1564 4840 noctis
1597 4792 1650 4851 V,
1679 4790 1882 4839 t'nootia
1908 4792 1953 4836 P
2160 4791 2223 4839 35
2261 4791 2424 4852 qualis
2452 4791 2658 4851 (typoyr.
2688 4791 2802 4853 err.)
2831 4791 3006 4851 Delph.
3208 4792 3454 4838 trieteriro
3488 4791 3544 4852 V,
3574 4791 3797 4839 trietrica
3823 4792 3880 4853 P,
3908 4794 4027 4840 tria-

768 4877 920 4923 terica
951 4874 1022 4925 Τλ
1198 4881 1313 4926 baco
1340 4877 1384 4925 Ρ
1579 4877 1645 4927 36
1682 4879 1844 4941 prima
1872 4878 1913 4923 P
2084 4861 2276 4940 pheacfi
2312 4878 2369 4938 V,
2396 4878 2610 4938 phecnm
2639 4879 2694 4939 P,
2728 4878 2948 4925 thracum
2981 4877 3039 4939 T,
3068 4877 3292 4924 threcum
3321 4874 3348 4925 λ
3524 4877 3746 4924 ordinem
3773 4877 3889 4924 belli
3916 4877 3961 4925 P

766 4962 908 5009 sellis
947 4978 989 5011 ω
1026 4966 1169 5024 υοὶρο
1381 4965 1442 5013 37
1480 4967 1608 5028 patri
1648 4983 1689 5014 ω
1903 4966 2164 5028 sepulchro
2201 4963 2230 5014 λ
2442 4963 2507 5013 38
2546 4966 2633 5012 ille
2669 4979 2755 5012 mu
2791 4965 2910 5014 Par.
2955 4966 3095 5024 volyo
3306 4970 3447 5012 terna
3493 4963 3534 5010 T
3739 4979 3946 5026 quaeror
3983 4965 4029 5012 P

764 5046 829 5095 39
868 5049 1122 5112 qudrupes
1167 5052 1207 5097 T
1414 5054 1516 5100 fore
1545 5053 1602 5114 P,
1641 5056 1769 5101 soret
1804 5067 1899 5100 om.
1930 5050 1959 5100 λ
2170 5051 2237 5099 40
2275 5053 2503 5099 uolucres
2545 5050 2588 5096 P
2793 5049 2854 5098 41
2897 5052 3049 5112 spinx
3087 5049 3115 5099 λ
3327 5051 3502 5110 pinnis
3550 5051 3589 5097 V
3617 5050 3815 5113 (pennis
3839 5048 3928 5112 νηὶ)
3961 5049 4017 5111 P,

762 5136 944 5193 pennis
971 5149 1013 5182 ω
1188 5139 1431 5199 pedisbus
1469 5139 1510 5186 V
1678 5140 1808 5187 seras
1836 5138 1880 5184 P
2084 5137 2149 5185 42
2186 5143 2328 5185 terna
2358 5137 2399 5183 T
2571 5137 2752 5196 fugent
2781 5137 2836 5196 P,
2871 5139 3047 5185 florent
3078 5136 3119 5182 Τ
3292 5135 3507 5194 fortasse
3531 5139 3745 5197 templa3
3787 5136 3858 5195 cf.
3887 5138 4016 5185 Ptin.

769 5219 827 5268 N.
861 5220 927 5266 H.
967 5221 1068 5268 VII
1094 5225 1209 5282 143,
1247 5225 1478 5271 XXVIII
1508 5229 1568 5274 15
1779 5224 1843 5272 43
1880 5227 1999 5272 artis
2035 5223 2130 5284 VP,
2174 5237 2309 5271 arces
2342 5223 2441 5282 TE,
2484 5231 2617 5271 artes
2642 5222 2711 5287 λχ
2920 5223 2985 5271 44
3024 5223 3326 5284 pariectibus
3354 5222 3398 5268 P
3601 5235 3729 5282 qnae
3758 5221 3858 5284 (ter)
3888 5223 4016 5271 δυσὶ.

764 5305 910 5364 volyo
1120 5309 1284 5356 locant
1320 5326 1361 5358 ω
1576 5310 1640 5358 45
1687 5306 1859 5376 comit]
1899 5312 2036 5358 sucat
2074 5325 2115 5357 ω
2328 5309 2393 5358 46
2432 5309 2512 5356 hic
2548 5310 2726 5356 bromii
2776 5309 2816 5354 V
3019 5290 3361 5356 sicanaffdina
3399 5307 3437 5352 V
3469 5309 3530 5366 (m
3555 5304 3655 5366 m23
3699 5323 3749 5352 -·.
3772 5323 3850 5369 pr.
3880 5312 4023 5371 ems.)

766 5390 832 5438 47
869 5387 984 5456 hoc]
1020 5393 1139 5441 haec
1175 5393 1203 5443 λ
1448 5393 1593 5462 haec]
1628 5396 1719 5444 hoc
1758 5395 1846 5442 PT
1881 5398 2024 5455 volyo
2268 5396 2428 5443 tribus
2465 5409 2560 5444 om.
2603 5394 2631 5444 λ
2879 5396 2960 5442 usi
2997 5394 3197 5454 fagendi
3234 5393 3281 5440 P
3535 5393 3599 5444 48
3644 5394 3853 5455 phisicis
3900 5394 4031 5442 VPT

764 5477 831 5526 49
868 5481 1123 5540 trisgenus
1162 5481 1268 5543 Ρω,
1310 5489 1548 5542 tergenus
1584 5483 1752 5543 Luyd.
1792 5484 1938 5542 volyo
2145 5482 2370 5541 genitrix
2409 5481 2492 5530 Ρω
2736 5481 2802 5528 50
2839 5477 3036 5547 regula]
3079 5482 3215 5528 linea
3253 5496 3294 5527 ω
3543 5478 3597 5527 51
3644 5483 3922 5542 aequalitas
3969 5481 4020 5542 V,

763 5585 1028 5646 equalatus
1066 5583 1158 5646 Pa,
1212 5555 1459 5648 equilaigi
1490 5588 1546 5648 Τ,
1589 5587 1872 5648 aequilatus
1907 5601 1946 5650 χ
2152 5586 2203 5631 in
2240 5597 2337 5634 om.
2373 5584 2415 5631 T
2625 5586 2842 5633 nominis
2882 5585 3187 5646 (nominibus
3215 5585 3280 5642 lv,
3323 5585 3454 5631 idem
3494 5586 3782 5632 nominibus
3819 5585 3922 5646 mu)
3958 5582 4027 5649 λχ

766 5670 877 5726 (om.
918 5673 973 5720 in
1013 5670 1111 5730 λῑυ,
1157 5674 1234 5720 vel
1272 5676 1324 5721 in
1360 5675 1463 5735 mu)
1692 5676 1851 5735 impar
1890 5671 1975 5720 Ρω
2223 5670 2286 5719 52
2325 5672 2458 5719 cohit
2501 5672 2542 5717 T
2785 5670 2848 5719 53
2887 5673 3340 5730 congregaetterno
3385 5671 3439 5731 V,
3482 5677 3923 5730 congregeteterno
3961 5670 4017 5730 P,

759 5769 869 5802 cum
906 5771 1053 5817 grege
1089 5765 1165 5806 ter
1203 5767 1343 5806 terno
1387 5762 1534 5816 (trino
1576 5760 1629 5819 Ε)
1674 5760 1782 5820 ωΕ,
1823 5772 2060 5818 congrege
2099 5764 2174 5805 ter
2209 5760 2342 5805 trino
2380 5758 2514 5806 δραι.
2558 5759 2699 5816 volqo
