4630 6435
1710 463 2134 521 EPISTVLAE
2173 464 2406 530 (XXIII.
2450 466 2711 531 XXIIII).
3721 468 3836 529 187

1261 652 1499 718 crimen
1542 652 1901 734 amicitiae,
1957 655 2277 736 Tanaquil
2323 661 2438 720 tua
2481 654 2727 721 nesciat
2768 655 2964 720 istud.

1259 763 1327 821 tu
1374 763 1705 822 contemne
1749 757 1913 823 alios
1957 778 2078 823 nec
2125 758 2480 842 dedignare
2526 767 2855 844 parentem

1260 859 1471 925 adfari
1516 861 1753 926 verbis.
1848 881 1970 944 ego
2017 882 2157 926 sum
2204 870 2353 928 tuus
2399 864 2566 928 altor
2610 870 2675 929 et
2719 862 2831 927 ille

1260 969 1637 1047 praeceptor
1679 964 1955 1048 primuS,
2012 965 2254 1048 primus
2300 966 2566 1049 largitor
2608 965 2951 1048 bonorum,

1094 1089 1154 1127 35
1261 1067 1505 1152 primus
1548 1066 1615 1132 in
1662 1068 1979 1133 Aonidum
2027 1068 2136 1151 qui
2181 1074 2244 1135 te
2294 1069 2571 1153 collegia
2614 1068 2793 1134 duxi.

706 1412 983 1477 XXIIII.
1043 1412 1217 1477 CVM
1263 1412 1629 1478 PONTIVS
1675 1413 2098 1478 PAVLINVS
2143 1414 2447 1479 IVNIOR
2491 1414 2860 1493 QVARTIS
2906 1416 3062 1480 IAM
3109 1414 3505 1479 LITTERIS
3550 1413 3730 1479 NON

1250 1534 1903 1617 RESPONDISSET,
1961 1535 2092 1601 SIC
2139 1536 2254 1600 AD
2300 1535 2482 1600 EVM
2527 1535 2956 1602 SCRIPTVM
3001 1536 3182 1600 EST.

1264 1705 1507 1784 Quarta
1551 1705 1664 1772 tibi
1710 1706 1873 1773 haec
1916 1713 2098 1772 notos
2145 1705 2391 1772 detexit
2437 1706 2716 1791 epistula
2761 1713 3058 1790 questus,
3517 1726 3616 1777 418
3661 1726 3842 1785 (xxv)

1210 1854 1213 1857 -
1264 1810 1564 1890 Pauline,
1620 1815 1685 1875 et
1728 1810 1969 1876 blando
2015 1810 2292 1876 residem
2340 1830 2632 1875 sermone
2678 1811 2962 1876 lacessit.
3539 1795 3848 1860 (VPJIssnT)

1265 1913 1546 1979 officium
1595 1919 1693 1979 set
1737 1914 1920 1979 nulla
1966 1913 2143 1997 pium
2189 1912 2349 1978 mihi
2392 1913 2635 1998 pagina
2678 1913 2920 1997 reddit,

1266 2016 1481 2082 fausta
1526 2017 1896 2099 salutigeris
1940 2016 2313 2082 adscribens
2362 2035 2508 2081 orsa
2552 2016 2814 2082 libellis.

1134 2140 1159 2177 5
1268 2120 1438 2186 unde
1483 2118 1674 2186 istam
1718 2120 1950 2185 meruit
1994 2140 2121 2185 non
2166 2119 2325 2185 felix
2374 2119 2593 2185 charta
2637 2121 2999 2205 repulsam,

1268 2223 1513 2307 spernit
1555 2230 1687 2289 tam
1734 2224 1926 2307 longo
1974 2224 2248 2289 cessatio
2294 2243 2487 2305 quam
2530 2229 2642 2288 tua
2687 2222 2906 2289 fastu?

1270 2326 1471 2391 hostis
1517 2327 1599 2391 ab
1646 2326 1828 2392 hoste
1874 2334 2091 2391 tamen
2136 2347 2252 2411 per
2295 2326 2572 2390 barbara
2616 2327 2817 2393 verba
2861 2327 3136 2393 salutem

1269 2428 1504 2514 accipit
1548 2435 1612 2494 et
1657 2430 1853 2495 Salve
1900 2429 2133 2496 mediis
2178 2429 2524 2496 intervenit
2569 2428 2787 2495 armis.

1272 2532 1665 2617 respondent
1708 2540 1773 2598 et
1818 2552 1979 2599 saxa
2024 2533 2264 2599 homini
2313 2539 2378 2599 et
2419 2552 2764 2618 percussus
2809 2534 2891 2598 ab
2940 2533 3140 2600 antris

1109 2658 1163 2697 ιο
1272 2656 1479 2702 sermo
1524 2634 1719 2717 redit,
1773 2636 1943 2702 redit
1985 2643 2049 2702 et
2092 2657 2422 2702 nemorum
2466 2638 2712 2703 vocalis
2754 2638 2992 2723 image.

1271 2739 1481 2805 litorei
1525 2740 1808 2805 clamant
1851 2740 2128 2826 scopuli,
2193 2740 2350 2806 dant
2393 2761 2718 2807 murmura
2764 2741 2918 2824 rivi,

1271 2843 1586 2928 Hyblaeis
1632 2843 1861 2928 apibus
1908 2862 2140 2929 saepes
2185 2843 2458 2928 depasta
2511 2852 2819 2911 susurrat.

1274 2954 1372 3013 est
1415 2953 1480 3012 et
1521 2946 1940 3012 harundineis
1985 2946 2334 3012 modulatio
2380 2945 2625 3013 musica
2670 2947 2832 3032 ripis

1275 3070 1543 3134 cumque
1589 3050 1723 3116 suis
1769 3050 2051 3133 loquitur
2093 3051 2436 3117 tremulum
2483 3071 2664 3116 coma
2706 3051 2899 3137 pinea
2943 3054 3173 3119 ventis.

1112 3175 1167 3214 ιε»
1272 3152 1563 3221 incubuit
1604 3154 1778 3220 foliis
1824 3154 2121 3239 quotiens
2166 3153 2330 3220 levis
2376 3174 2571 3221 eurus
2617 3156 2850 3238 acutis,

1274 3257 1603 3344 Dindyma
1647 3257 1999 3342 Gargarico
2044 3257 2435 3343 respondent
2479 3258 2731 3326 cantica
2775 3260 2937 3326 lucO.

787 3537 980 3585 XXIII.
1060 3535 1118 3584 31
1162 3537 1269 3584 Iuv.
1318 3537 1382 3583 VI
1424 3535 1522 3585 566
1560 3536 1806 3597 Tanaquil
1841 3540 1948 3597 tua,
1986 3535 2054 3595 cf.
2097 3535 2201 3584 Sid.
2247 3535 2408 3597 Apoll.
2453 3537 2499 3584 V
2539 3537 2566 3584 7
2606 3537 2854 3598 Tanaquil
2890 3553 2984 3586 sua

784 3623 1005 3671 xxlnl.
1083 3622 1110 3669 7
1149 3623 1297 3672 Ovid.
1340 3623 1500 3684 Epist.
1543 3624 1643 3670 1111
1670 3622 1700 3669 6
1737 3623 1945 3683 inspicit
1980 3626 2207 3682 acceptas
2243 3622 2402 3669 hostis
2439 3624 2500 3670 ab
2536 3622 2678 3670 hoste
2716 3627 2860 3671 notas
3036 3625 3067 3672 9
3104 3625 3207 3673 Cic.
3250 3638 3334 3685 pro
3371 3625 3520 3674 Arcb.
3564 3625 3610 3686 8,
3647 3623 3708 3672 19
3746 3639 3867 3672 saxa

615 3715 666 3755 ct
702 3709 1004 3757 solitudines
1042 3710 1147 3757 voci
1185 3709 1492 3771 respondent
1776 3706 1836 3756 12
1894 3708 2045 3768 Verg.
2085 3708 2192 3757 Ecl.
2235 3710 2259 3756 Ι
2298 3707 2363 3757 53
2390 3723 2500 3771 sqq.
2541 3723 2714 3771 saepes
2753 3708 2989 3769 HyblaeIs
3027 3711 3207 3771 apibus
3255 3713 3423 3760 florem
3462 3711 3671 3773 depasta
3707 3711 3867 3759 salicti

614 3811 762 3858 saepe
798 3798 896 3844 levi
935 3810 1162 3845 somnum
1203 3796 1439 3844 suadebit
1472 3796 1604 3843 inire
1640 3809 1845 3843 susurro

784 4054 844 4104 31
886 4059 975 4104 tua
1008 4056 1050 4103 V
1082 4057 1139 4116 (s.
1168 4071 1216 4104 v.
1256 4051 1350 4114 m2)
1529 4041 1719 4101 nesci⁸t
1762 4052 1801 4100 V
1836 4053 1882 4112 (a
1903 4049 1997 4113 m2)
2168 4058 2276 4102 stut
2309 4053 2350 4100 V
2373 4053 2529 4114 (istud
2562 4050 2675 4115 m2),
2718 4055 2854 4102 istud
2880 4055 2945 4102 II
2979 4054 3020 4116 (s
3058 4057 3112 4103 ἰη
3147 4055 3267 4113 ras.)
3451 4054 3515 4102 33
3552 4057 3691 4103 affari
3724 4056 3807 4103 VP

614 4146 781 4189 auctor
816 4141 927 4189 PII
1161 4139 1226 4188 34
1264 4140 1453 4201 primus
1490 4145 1726 4189 ueterum
1770 4140 1823 4202 V,
1875 4140 2070 4202 primus
2115 4139 2225 4200 (om.
2267 4141 2515 4203 ueterum)
2561 4140 2605 4188 P
2649 4138 2808 4203 Vm.⁴,
2851 4143 3045 4203 primus
3082 4143 3277 4204 pritnus
3315 4142 3449 4207 Πβπ
3657 4143 3872 4204 largitus

615 4228 784 4274 borum
822 4242 864 4276 π
1073 4225 1138 4274 35
1174 4225 1442 4274 aosnidum
1481 4225 1548 4273 Π
1577 4226 1625 4288 (d
1663 4226 1810 4287 eras.)
2027 4226 2223 4285 colligia
2260 4225 2305 4273 P
2511 4227 2622 4274 uale
2660 4228 2788 4274 felix
2825 4228 3140 4288 optatissime
3177 4226 3293 4277 add.
3333 4230 3368 4291 β

786 4313 1002 4361 XXIIII.
1078 4313 1256 4358 lemma
1275 4313 1329 4360 in
1356 4311 1394 4358 V
1417 4311 1545 4372 (ubi:
1572 4302 1727 4372 qvm),
1756 4311 1940 4373 Incipit
1958 4312 2056 4360 alia
2076 4311 2300 4359 eiusdem
2323 4311 2383 4358 ad
2405 4311 2620 4360 eundem
2642 4310 2711 4374 R.
2737 4312 2797 4372 P,
2828 4313 3014 4374 Incipit
3033 4313 3225 4360 Ausoni
3246 4313 3306 4361 ad
3328 4313 3542 4360 Pauslifi
3562 4314 3627 4360 Π
3647 4313 3680 4375 (l
3698 4315 3867 4376 eram),

616 4399 873 4460 Incipiunt
909 4412 1087 4446 uersus
1124 4397 1338 4445 Ausonii
1382 4395 1589 4457 (Ausoni
1630 4401 1686 4456 π)
1729 4398 1788 4444 ad
1827 4397 2088 4458 paulinum
2125 4401 2232 4462 βπ,
2292 4398 2504 4445 Ausonii
2541 4397 2600 4445 ad
2641 4398 2908 4445 Paulinum
2948 4412 3124 4446 uersus
3166 4398 3352 4459 egregii
3389 4398 3495 4446 cod.
3538 4398 3696 4449 Paris.
3740 4403 3875 4448 9548

615 4499 738 4533 suec.
775 4483 930 4543 ΧΥΓ.
976 4480 1099 4533 12ου
1124 4504 1186 4525 =
1215 4498 1246 4552 ρ
1283 4488 1326 4531 et
1352 4483 1588 4530 Laurent.
1622 4484 1703 4542 23,
1736 4483 1803 4531 ‘20
1839 4497 1961 4530 saec.
1996 4482 2150 4542 XVJ'.
2183 4481 2311 4532 135‘
2337 4503 2399 4525 =
2431 4495 2480 4545 σ,
2524 4486 2578 4531 in
2614 4499 2705 4545 quo
2742 4483 2899 4532 adscr.
2944 4485 3155 4560 epistola
3184 4497 3332 4546 31111;
3373 4485 3567 4531 nullum
3606 4486 3782 4533 lemma
3816 4486 3870 4533 Τ.

624 4571 747 4617 Cum
786 4570 1125 4618 Laurentiano
1171 4571 1455 4629 conspirant
1502 4567 1609 4615 cod.
1652 4567 1777 4630 bybl.
1820 4568 2053 4628 Leopold.
2095 4568 2278 4617 Strozz.
2323 4571 2387 4616 18
2423 4583 2550 4617 saec.
2591 4569 2696 4630 XV,
2759 4568 2924 4617 Urbin.
2979 4570 3070 4617 lut.
3113 4573 3175 4619 45
3212 4584 3334 4620 saec.
3383 4570 3485 4630 XV,
3542 4573 3596 4618 in
3643 4584 3740 4632 quo
3789 4571 3875 4620 hoc

615 4659 792 4704 lemma
828 4658 1011 4716 ἱερέων
1045 4655 1269 4717 Epistola
1298 4653 1465 4702 Sancti
1493 4654 1667 4702 Seueri
1692 4654 1920 4701 monachi
1946 4655 2005 4701 ad
2031 4655 2300 4702 Paulinum
2329 4655 2617 4718 episcopum
2646 4656 2860 4715 egregiis
2888 4655 3119 4702 uersibus
3145 4661 3394 4718 contexta,
3436 4656 3520 4703 ubi
3560 4656 3728 4718 ipsum
3765 4670 3876 4717 pro·

615 4745 814 4790 uocauit
838 4743 900 4790 ad
925 4742 1259 4800 scribendum,
1300 4738 1507 4801 denique
1542 4741 1645 4787 Vat.
1677 4740 1764 4788 lat.
1797 4741 1894 4787 5:24
1921 4753 2044 4790 saec.
2078 4741 2215 4789 XVI.
2263 4742 2519 4789 Ausonius
2545 4741 2753 4789 Paulino
2779 4755 2868 4790 suo
2895 4742 3117 4790 Salutem
3153 4740 3242 4801 Uy.
3271 4742 3414 4801 volyo
3450 4768 3517 4775 —
3560 4741 3576 4789 1
3621 4739 3790 4807 nictus
3817 4741 3882 4788 II

624 4833 763 4888 (corr.
790 4825 878 4888 m2)
1095 4827 1281 4873 direxit
1314 4825 1404 4885 Uo.
1617 4826 1828 4887 epistola
1857 4825 2000 4874 codd.
2215 4825 2245 4874 2
2282 4814 2550 4888 paulin⁰u
2579 4827 2619 4873 Υ
2644 4827 2689 4888 (e
2712 4824 2799 4886 πθ)
3004 4830 3056 4874 et
3079 4840 3174 4875 om.
3209 4825 3254 4873 P
3458 4825 3487 4874 3
3525 4831 3605 4874 set
3637 4826 3678 4873 V
3706 4826 3749 4887 (d
3779 4823 3868 4886 m2)

615 4919 666 4978 β,
708 4915 792 4962 sed
819 4918 908 4962 cet.
1124 4913 1244 4991 m'i'ci
1269 4894 1361 4984 pii-1
1394 4912 1432 4959 Υ
1460 4912 1505 4974 (n
1533 4917 1578 4959 et
1601 4929 1619 4957 ι
1639 4911 1757 4960 add.
1787 4908 1877 4972 m2)
2091 4912 2276 4960 redidit
2300 4913 2364 4960 Π
2570 4914 2598 4961 4
2637 4913 2917 4961 asscribens
2944 4912 3002 4973 P,
3032 4917 3083 4959 et
3108 4912 3332 4961 scribens
3357 4912 3523 4982 Πβρσ
3553 4911 3665 4972 Uy„
3696 4915 3876 4959 rescri-

618 5002 739 5048 bens
778 4999 871 5048 nT
1109 4998 1264 5047 libell’
1304 4999 1349 5045 P
1603 4997 1632 5045 5
1672 4998 1840 5046 charta
1882 4998 1923 5044 Τ
1964 4997 2075 5058 Π9.,
2117 4998 2286 5045 cartha
2325 5013 2383 5058 π,
2425 5004 2560 5045 carta
2595 5003 2685 5047 cet.
2932 4998 3135 5059 repulsa
3170 5000 3206 5062 β
3447 4997 3478 5047 6
3515 4998 3662 5055 longa
3711 4996 3815 5043 ΥΠ

620 5091 707 5132 tua
742 5099 892 5147 quam
929 5086 1143 5132 cessacio
1178 5088 1214 5150 β
1444 5084 1547 5146 tua]
1592 5084 1685 5130 tita
1724 5084 1790 5130 Π
2025 5084 2197 5140 fanstu
2235 5084 2293 5146 P,
2337 5085 2504 5130 saustu
2553 5083 2665 5144 Uy„
2708 5085 2833 5131 fasto
2872 5084 2937 5131 Π
3173 5082 3201 5130 7
3241 5082 3403 5131 hostis
3449 5084 3489 5130 V
3526 5084 3597 5145 (os
3636 5086 3688 5129 in
3721 5083 3875 5143 raa),

617 5173 775 5220 nostis
813 5171 880 5218 Π
1080 5171 1223 5218 salut'
1262 5171 1306 5218 P
1516 5170 1547 5219 9
1584 5175 1636 5218 et
1672 5185 1769 5218 om.
1807 5169 2007 5239 βπρσΤ
2052 5168 2138 5229 Uy.
2351 5158 2571 5236 ,pcu⁸sus
2607 5169 2645 5216 Υ
2670 5170 2712 5230 (s
2735 5165 2824 5229 m2)
3045 5168 3104 5216 10
3142 5169 3271 5216 redit
3306 5166 3380 5234 et]
3416 5170 3587 5218 reboat
3610 5179 3682 5234 ρσ
3714 5167 3802 5227 Uy.

616 5272 773 5306 sermo
809 5257 942 5305 redit
976 5270 1232 5304 nemorum
1269 5258 1454 5305 uocalis
1490 5257 1653 5316 imago
1688 5257 1903 5304 resultat
1950 5256 1990 5302 Τ
2174 5316 2183 5327 .
2214 5269 2487 5302 memorum
2521 5258 2573 5320 β,
2615 5268 2712 5302 non
2752 5258 2892 5301 morsi
2930 5270 2970 5303 π
3198 5255 3336 5302 uocis
3375 5270 3414 5303 π
3626 5267 3798 5313 ymago
3835 5253 3880 5299 P

624 5343 677 5392 11
720 5344 905 5392 littorei
944 5342 1107 5410 πρσΤ
1149 5342 1237 5402 Uy.
1452 5343 1733 5391 clamanant
1768 5341 1831 5389 11
2038 5340 2098 5389 12
2135 5330 2317 5389 h¹bleis
2351 5341 2389 5388 V
2430 5341 2464 5401 (i
2489 5338 2581 5399 m2)
2695 5381 2700 5384 .
2796 5354 2940 5403 sepes
2980 5340 3025 5387 P
3229 5341 3657 5401 somniferumque
3703 5339 3878 5396 (senii-

618 5431 880 5492 rerumque
924 5430 978 5488 T,
1030 5426 1103 5476 m¹
1140 5442 1263 5477 corr.
1304 5430 1763 5490 somniferumque,
1821 5430 1873 5475 in
1908 5443 2008 5487 my.
2048 5426 2120 5475 m¹
2160 5426 2339 5486 somni)
2380 5428 2515 5474 canit
2551 5428 2683 5489 sepIs
2723 5426 2904 5489 (saepis
2942 5426 3048 5494 Πρ)
3085 5427 3293 5487 depasta
3329 5440 3585 5475 susurrum
3625 5424 3880 5493 ΠβπρσΤ

627 5516 717 5576 Uy.
936 5515 996 5563 13
1033 5493 1357 5563 harundineis
1393 5518 1441 5579 β,
1487 5515 1779 5562 arundineis
1815 5517 1902 5562 cet.
2138 5511 2334 5560 modula
2372 5512 2429 5575 P,
2469 5513 2733 5560 modolatio
2771 5511 2838 5559 Π
3064 5511 3124 5560 14
3163 5516 3314 5573 atque
3350 5517 3522 5572 arguta
3558 5510 3753 5574 (argutu
3794 5511 3872 5569 Π)

620 5605 724 5650 suis
759 5602 985 5664 loquitur
1022 5615 1159 5649 coma
1195 5602 1344 5662 pinea
1379 5601 1549 5647 uentis
1594 5601 1733 5662 (nent
1770 5602 1825 5647 in
1860 5613 1962 5646 ras.
2011 5599 2068 5660 T)
2110 5599 2370 5666 ΠβπρσΤ
2409 5597 2499 5657 Uy.
2811 5596 2871 5645 15
2909 5598 3166 5644 incuibuit
3201 5596 3247 5642 P
3537 5597 3733 5659 quoties
3771 5595 3816 5641 P

620 5691 754 5737 euris
793 5688 838 5735 P
1057 5701 1147 5734 acu
1185 5688 1252 5734 tis
1298 5686 1336 5733 V
1376 5685 1601 5747 (fortasse
1638 5688 1763 5732 inter
1801 5699 1833 5732 u
1870 5690 1915 5732 et
1954 5689 1974 5732 t
2010 5684 2197 5747 aliquid
2232 5683 2381 5744 eras.)
2626 5682 2687 5732 16
2724 5683 2950 5731 dindima
2995 5684 3046 5742 V,
3088 5683 3324 5742 dyndima
3361 5682 3406 5729 P
3444 5682 3532 5743 U9.
3769 5682 3882 5728 din-

621 5776 869 5839 dymaque
914 5775 1253 5836 (dindimaque
1288 5775 1339 5837 β,
1382 5772 1609 5819 dindima
1644 5785 1772 5832 quae
1808 5772 1907 5831 πσ)
1950 5770 2063 5819 ideo
2105 5770 2249 5831 (ydeo
2286 5773 2332 5838 ρ)
2378 5770 2685 5831 respondent
2719 5771 2913 5817 cantica
2947 5770 3061 5820 luco
3098 5767 3366 5837 ΠβπρσΤ
3393 5767 3481 5827 Uy.
3694 5766 3800 5814 luto
3840 5765 3886 5811 P

3356 5866 3468 5918 24*
