4630 6435
1845 459 2370 517 PROFESSORES
2412 461 2605 527 (XVI).
3789 464 3870 524 69

1579 671 1730 715 nam
1774 657 1844 716 tu
1891 650 2119 738 Crispo
2167 651 2503 719 coniuncte
2549 656 2658 716 tuo

1580 773 1776 838 prosa
1820 755 2078 821 solebas
2124 763 2188 821 et
2231 774 2423 821 versa
2467 753 2644 836 loqui

1413 877 1471 917 ¹⁵
1838 858 2076 942 impete
2121 856 2381 939 eodem,

1583 1046 1829 1133 priscos
1875 1055 1946 1112 ut
1993 1046 2169 1134 (tris)
2216 1047 2451 1112 heroas
2496 1045 2648 1111 olim

1586 1151 1868 1217 carmine
1913 1150 2173 1216 Homeri
2219 1156 2743 1215 commemoratos

1842 1252 2037 1319 fando
2081 1254 2387 1334 referres,

1582 1442 1838 1508 dulcem
1887 1442 1955 1507 in
1999 1441 2227 1526 paucis
2274 1448 2346 1506 ut
2387 1440 2832 1506 Plistheniden

1410 1562 1471 1604 20
1582 1553 1649 1612 et
1694 1543 1994 1611 torrentis
2039 1563 2157 1609 ceu
2202 1543 2493 1609 Dulichii

1839 1646 2153 1730 ninguida
2200 1646 2374 1712 dicta

1585 1844 1651 1903 et
1691 1835 1980 1905 mellitae
2024 1841 2285 1900 nectare
2331 1835 2507 1899 vocis

1582 1939 1800 2005 dulcia
1843 1938 1980 2004 fatu
2025 1939 2226 2003 verba
2270 1944 2603 2003 canentem

1839 2041 2116 2107 Nestora
2159 2060 2403 2124 regem.

1101 2373 1162 2413 25
1269 2351 1478 2415 Ambo
1526 2350 1700 2433 loqui
1743 2349 2008 2430 faciles,
2061 2350 2251 2414 ambo
2296 2349 2509 2414 omnia
2554 2349 2840 2414 carmina
2884 2349 3082 2425 docti,

1446 2453 1758 2518 callentes
1801 2452 2068 2536 mython
2113 2451 2437 2535 plasmata
2480 2458 2545 2517 et
2588 2452 2947 2517 historiam.

1272 2555 1460 2621 liberi
1506 2562 1572 2621 et
1612 2556 1803 2620 ambo
1847 2573 2090 2637 genus,
2145 2553 2262 2619 sed
2306 2573 2467 2636 quos
2510 2555 2823 2621 meruisse
2869 2556 3126 2622 deceret

1444 2657 1723 2741 nascier,
1778 2665 1848 2723 ut
1891 2658 2182 2724 cluerent
2222 2657 2513 2741 patribus
2558 2657 2878 2740 ingenuis.

1246 2966 1360 3033 23.
1410 2965 1819 3033 VICTORIO
1867 2962 2407 3032 SVBDOOTORI
2452 2967 2647 3031 SIVE
2690 2965 3215 3034 PROSCHOLO.

1273 3138 1512 3204 Victori
1561 3138 1880 3220 studiose,
1934 3159 2203 3221 memor,
2257 3139 2459 3222 celer,
2511 3138 2821 3223 ignoratis
3534 3156 3634 3205 212
3682 3160 3861 3215 <xxm

1448 3242 1723 3309 adsidue
1765 3241 1835 3306 in
1879 3241 2062 3307 libris
2108 3262 2227 3308 nec
2271 3241 2399 3307 nisi
2444 3250 2667 3326 operta
2711 3243 2971 3326 legens,

1275 3364 1506 3411 exesas
1552 3344 1743 3410 tineis
1789 3344 2138 3429 opicasque
2184 3346 2487 3411 evolvere
2533 3345 2789 3412 chartas

1449 3448 1652 3514 maior
1696 3467 1889 3530 quam
1935 3448 2244 3532 promptis
2290 3468 2446 3513 cura
2492 3448 2608 3513 tibi
2650 3449 2717 3513 in
2765 3448 3020 3515 studiis.

1287 3551 1478 3634 [quod
1521 3550 1625 3616 ius
1669 3550 2073 3636 pontificum,
2126 3570 2291 3632 quae
2339 3550 2637 3631 foedera,
2689 3558 2961 3618 stemma
3006 3553 3175 3634 quod
3221 3553 3371 3618 olim

1455 3661 1604 3720 ante
1647 3654 1930 3718 Numam
1974 3653 2185 3718 fuerat
2232 3653 2508 3718 sacrifici
2554 3653 2856 3737 Curibus,

1275 3756 1447 3840 quod
1497 3757 1726 3823 Castor
1771 3757 2015 3822 cunctis
2062 3756 2143 3821 de
2190 3756 2451 3839 regibus
2496 3755 2854 3839 ambiguis,
2906 3757 3077 3841 quod

1449 3859 1744 3943 coniugis
1790 3879 1826 3924 e
1874 3858 2054 3923 libris
2100 3859 2394 3924 ediderat
2435 3858 2805 3944 Rhodopa}

1274 3962 1445 4046 quod
1492 3962 1594 4027 ius
1643 3961 2048 4047 pontificum,
2099 3968 2390 4028 veterum
2437 3982 2603 4045 quae
2649 3963 2807 4028 scita
2853 3961 3201 4040 Quiritum,

1103 4091 1161 4132 ιο
1447 4085 1617 4149 quae
1663 4065 1960 4130 consulta
2002 4071 2290 4148 patrum,
2344 4064 2501 4146 quid
2544 4065 2753 4130 Draco
2800 4066 3036 4147 quidve
3083 4066 3276 4130 Solon

1274 4168 1567 4234 sanxerit
1614 4175 1679 4233 et
1722 4167 1944 4234 Locris
1990 4166 2243 4233 dederit
2282 4188 2451 4251 quae
2495 4167 2636 4232 iura
2681 4167 3030 4248 Zaleucus.

1444 4271 1564 4335 sub
1613 4272 1766 4336 Iove
1811 4290 1976 4353 quae
2021 4270 2265 4352 Minos,
2319 4269 2475 4352 quid
2520 4270 2785 4335 Themis
2830 4277 2978 4335 ante
3025 4271 3239 4335 Iovem

766 4547 864 4604 22.
939 4550 1002 4599 19
1038 4551 1100 4599 11.
1142 4551 1213 4598 111
1252 4548 1352 4598 214
1391 4551 1563 4614 παῦρα.
1602 4544 1715 4613 μέν,
1756 4544 1892 4597 ἀλλὰ
1932 4543 2071 4614 μάλα
2107 4542 2290 4613 λιγέως
2516 4545 2581 4594 20
2607 4560 2680 4606 sq.
2726 4546 2843 4595 ibid.
2887 4545 2985 4596 222
3025 4544 3148 4597 ἔπεα
3186 4546 3472 4616 νιφάδεσσιν
3512 4546 3711 4599 ἐοικότα
3755 4568 3866 4620 χει-

593 4637 826 4707 μερίῃσιν
1046 4635 1112 4684 22
1138 4650 1214 4697 sq.
1257 4637 1318 4683 ΙΙ.
1361 4638 1384 4683 1
1423 4632 1523 4683 248
1551 4648 1626 4695 sq.
1668 4629 1900 4702 ἡδυεπὴς
1945 4671 1955 4681 .
1991 4669 2001 4680 .
2037 4670 2045 4680 .
2088 4627 2229 4699 λιγὺς
2266 4625 2471 4682 Πυλίων
2508 4628 2799 4700 ἀγορητής,
2838 4635 2928 4682 τοῦ
2965 4631 3050 4682 καὶ
3086 4630 3187 4683 ἀπὸ
3223 4629 3457 4700 γλώσσης
3497 4632 3702 4701 μέλιτος
3739 4633 3863 4704 γλυ-

585 4724 715 4775 κίων
755 4722 864 4793 ῥέεν
903 4719 1034 4791 αὐδή

770 4979 829 5029 13
869 4992 1085 5040 namque
1123 4974 1235 5043 [V],
1277 4991 1391 5025 nam
1428 4976 1562 5025 θοαὶ.
1818 4975 1875 5023 14
1917 4988 2065 5023 versu
2101 4971 2193 5040 [VJ
2227 4976 2391 5036 volve,
2434 4988 2577 5022 versa
2614 4959 2850 5022 Heinsius
2894 4975 2979 5034 (cf.
3024 4978 3212 5036 Appul.
3258 4979 3393 5027 Flor.
3438 4983 3500 5027 18
3534 4995 3586 5040 p.
3619 4983 3677 5028 91
3727 4983 3854 5028 Oud.

594 5070 686 5116 ‘ac
722 5069 821 5115 iam
856 5070 900 5113 et
932 5080 1107 5127 prorsa
1143 5069 1188 5111 et
1224 5078 1368 5110 vona
1404 5061 1652 5123 facundia
1687 5067 1943 5111 veneratus
1979 5058 2128 5122 wm’,
2181 5060 2315 5108 unde
2362 5060 2572 5120 fortasse
2609 5066 2654 5108 et
2690 5060 2776 5108 hoc
2812 5062 2914 5108 loeo
2949 5075 3117 5123 prorsa
3159 5100 3169 5109 .
3201 5100 3213 5113 .
3252 5100 3263 5112 .
3305 5079 3445 5114 vorsu
3480 5066 3849 5114 restituendum]

594 5155 656 5202 16
693 5155 880 5214 priscos
917 5158 970 5199 et
1003 5152 1179 5199 heroas
1215 5145 1328 5215 [V],
1367 5151 1556 5211 priscos
1595 5153 1652 5195 ut
1688 5154 1740 5195 et
1774 5147 1948 5195 heroes
1995 5148 2100 5195 Vin.
2140 5148 2300 5208 υοίρο,
2342 5148 2532 5208 priscos
2569 5153 2627 5194 ut
2663 5149 2754 5194 tris
2792 5147 2964 5195 heroas
3000 5162 3087 5209 090
3318 5151 3376 5199 Π
3416 5166 3527 5199 cum
3565 5160 3860 5200 memoratos

586 5236 680 5306 [V]
714 5254 835 5290 corr.
878 5238 1010 5287 θοαὶ.
1226 5235 1292 5284 20
1330 5235 1535 5282 Dulichi
1574 5229 1666 5299 [V]
1702 5248 1827 5282 corr.
1870 5232 2006 5280 8001.
2223 5231 2288 5281 26
2326 5232 2741 5294 mythoplasmata
2776 5228 2874 5298 [V]
2911 5247 3035 5282 corr.
3078 5233 3212 5283 Scal.
3444 5237 3506 5285 27
3546 5236 3754 5297 fortasse
3790 5241 3857 5286 li-

587 5327 715 5374 berti
751 5327 892 5372 ambo
1101 5323 1299 5371 doceret
1322 5317 1418 5387 [V]
1452 5335 1575 5370 corr.
1608 5319 1740 5368 Scal.
1959 5317 2025 5367 28
2064 5320 2200 5366 nasci
2229 5315 2337 5384 [V],
2382 5321 2603 5367 nancisci
2640 5319 2771 5368 Scal.
2803 5320 2962 5380 υοὶρο,
3006 5322 3195 5368 nascier
3236 5321 3549 5372 Pulmannuo
3583 5329 3628 5370 et
3668 5325 3854 5384 Dousa,

586 5415 660 5460 sic
696 5413 830 5460 nasci
869 5411 1104 5458 Heinsius
1311 5409 1515 5469 paribus
1551 5407 1769 5466 ingeniis
1808 5402 1899 5470 [V]
1933 5420 2056 5452 corr.
2101 5405 2232 5454 Scal.

763 5492 861 5547 28.
936 5495 1189 5543 Victorino
1225 5491 1343 5560 [V],
1386 5494 1607 5542 victorio
1643 5491 1780 5540 Scal.
2000 5490 2021 5539 1
2065 5491 2328 5539 Victorino
2363 5486 2486 5556 [V],
2528 5492 2719 5538 Victori
2757 5491 2891 5540 Scal.
3110 5492 3139 5541 2
3178 5495 3379 5544 assidue
3422 5494 3508 5561 [V]
3707 5499 3737 5546 6
3778 5513 3856 5545 3³-

584 5584 763 5642 crificij
804 5578 931 5648 [V],
970 5581 1212 5629 sacrificis
1249 5581 1383 5629 ὅσοι.
1412 5581 1557 5638 volyo
1759 5577 1785 5624 ἵ·
1828 5578 2102 5637 ambiguis,
2143 5583 2266 5638 quot
2303 5576 2574 5624 Mommsen
2780 5577 2951 5628 9-12
2989 5581 3041 5626 in
3077 5595 3175 5640 my.
3204 5580 3478 5642 adscriptos
3512 5597 3613 5631 esse
3640 5583 3858 5631 Brundes

579 5671 758 5718 statuit
795 5667 854 5715 ab
881 5669 1104 5716 Ausonio
1141 5681 1197 5714 eo
1235 5667 1469 5725 consilio,
1507 5670 1564 5713 ut
1596 5669 1765 5726 postea
1803 5666 1930 5712 inter
1964 5679 2044 5711 vv.
2077 5665 2212 5710 5-8
2237 5667 2281 5710 et
2308 5664 2512 5723 9—12,
2557 5663 2728 5724 quibus
2762 5663 2955 5712 eaedem
2991 5679 3095 5724 res,
3135 5667 3218 5714 sed
3252 5671 3421 5728 paullo
3458 5670 3603 5716 aliter
3639 5675 3857 5717 tractan-

581 5763 680 5817 tur,
723 5753 936 5814 eliqendae‘
974 5752 1067 5800 sibi
1101 5757 1220 5800 canet
1251 5755 1483 5813 potestas.
1549 5764 1636 5811 eqo
1660 5766 1743 5800 vv.
1774 5750 1945 5798 9—12
1969 5748 2030 5797 ab
2057 5750 2276 5797 Ausonio
2299 5750 2547 5808 praelatos
2572 5762 2671 5795 esse
2693 5755 2810 5809 pulo
3022 5747 3054 5798 9
3094 5757 3421 5815 veterumque
3448 5751 3539 5819 [V]
3562 5769 3688 5802 corr.
3720 5753 3852 5802 Scal.
