4630 6435
775 417 814 479 2
2250 415 2559 471 Avsonu

1447 603 1602 689 quin
1648 604 1845 672 etiam
1890 624 2017 672 non
2061 603 2241 671 iussa
2282 611 2514 692 parant
2557 625 2894 692 erumpere
2940 603 3182 673 dudum

1630 708 1934 776 carmina.
2027 709 2172 793 quis
2217 709 2377 776 nolit
2421 708 2719 776 Caesaris
2765 728 2910 775 esse
2956 708 3150 792 liber,

1448 832 1529 878 ne
1575 812 1742 879 ferat
1784 812 2121 897 indignum
2167 819 2379 880 vatem
2426 820 2808 895 centumque
2852 812 3111 894 lituras,

1276 935 1337 976 20
1617 916 1962 983 mutandas
2008 936 2261 1001 semper
2306 916 2620 983 deteriore
2666 908 2861 982 nota?

1442 1026 1510 1085 tu
1557 1019 1743 1086 modo
1788 1026 1852 1085 te
1898 1017 2199 1103 iussisse,
2254 1026 2436 1106 pater
2481 1022 2800 1101 Romane,
2855 1027 3175 1086 memento

1619 1122 1812 1207 inque
1857 1124 2015 1190 meis
2063 1122 2269 1209 culpis
2318 1123 2404 1190 da
2445 1123 2564 1189 tibi
2606 1131 2675 1190 tu
2722 1123 2997 1190 veniam.

1584 1394 1736 1491 III.
1840 1393 2401 1492 AVSONIVS
2465 1392 2915 1490 LECTORI
2981 1391 3213 1490 SAL.

1440 1606 1765 1671 Ausonius
1808 1607 2059 1690 genitor
2102 1606 2322 1687 nobis,
2378 1627 2500 1689 ego
2544 1605 2800 1672 nomine
2848 1604 3115 1687 eodem:
3927 1628 4028 1676 470

1615 1709 1725 1793 qui
1770 1710 1928 1793 sim,
1980 1730 2109 1792 qua
2154 1716 2332 1775 secta
2377 1710 2576 1794 stirpe
2621 1710 2757 1774 lare
2804 1715 2868 1774 et
2913 1706 3156 1792 patria,
3941 1715 4023 1776 (V)

1441 1811 1793 1897 adscripsi,
1844 1819 1915 1879 ut
1956 1832 2218 1895 nosses,
2271 1814 2437 1878 bone
2483 1812 2616 1896 vir,
2668 1812 3049 1896 quicumque
3097 1810 3367 1891 fuisses,

1613 1922 1679 1982 et
1719 1923 1937 1983 notum
1986 1916 2250 1983 memori
2294 1938 2398 1983 me
2445 1917 2689 1983 coleres
2733 1915 2966 1982 anim0.

1308 2042 1334 2080 ιε
1440 2020 1715 2085 Vasates
1760 2021 1972 2105 patria
2016 2028 2113 2087 est
2156 2021 2360 2105 patri:
2410 2040 2574 2104 gens
2619 2018 2896 2085 Haedua
2937 2018 3126 2082 matri

1614 2123 1694 2189 de
1740 2131 1954 2209 patre,
2008 2124 2332 2190 Tarbellis
2379 2131 2479 2190 set
2521 2122 2814 2207 genetrix
2861 2123 2945 2187 ab
2990 2121 3225 2205 Aquis:

1438 2226 1582 2311 ipse
1626 2247 1748 2310 ego
1793 2227 2184 2311 Burdigalae
2230 2227 2525 2311 genitus:
2577 2225 2790 2293 divisa
2835 2245 2953 2309 per
2996 2225 3188 2291 urbes

1613 2337 1913 2415 quattuor
1956 2330 2257 2412 antiquas
2304 2329 2524 2415 stirpis
2570 2328 2749 2413 origo
2794 2348 2998 2394 meae.

1440 2432 1591 2498 hinc
1636 2433 1766 2499 late
1812 2432 1964 2499 fusa
2008 2440 2108 2500 est
2152 2433 2470 2516 cognatio.
2565 2432 2825 2498 nomina
2867 2431 3089 2497 multis

1277 2557 1332 2598 ιο
1614 2556 1699 2601 ex
1740 2542 1993 2619 nostra,
2050 2543 2116 2602 ut
2159 2535 2499 2621 placitum,
2556 2536 2750 2601 ducta
2795 2535 3000 2617 dom0,
3028 2535 3312 2602 veniant.

1441 2637 1733 2704 derivata
1777 2638 1959 2720 aliis,
2012 2638 2198 2704 nobis
2244 2640 2328 2704 ab
2376 2645 2712 2705 stemmate
2759 2638 2962 2723 primo

1613 2749 1678 2806 et
1720 2761 1846 2806 nou
1892 2742 2180 2824 cognati,
2238 2742 2356 2807 sed
2398 2742 2706 2826 genetiva
2752 2742 3033 2826 placent.

1440 2850 1539 2910 set
1581 2844 1774 2911 redeo
1820 2846 1906 2910 ad
1951 2844 2204 2910 seriem.
2301 2845 2553 2929 genitor
2597 2844 2844 2910 studuit
2890 2843 3285 2925 medicinae,

1613 2947 2098 3034 disciplinarum
2147 2969 2314 3031 quae
2361 2948 2538 3015 dedit
2585 2969 2713 3014 una
2758 2948 2983 3014 deum:

1274 3075 1332 3115 15
1440 3071 1555 3117 nos
1600 3051 1687 3117 ad
1737 3053 2198 3135 grammaticen
2245 3052 2527 3119 studium
2572 3052 2998 3119 convertimus
3045 3060 3109 3118 et
3152 3074 3298 3119 mox

1612 3156 1961 3223 rhetorices
2009 3157 2203 3224 etiam
2250 3157 2422 3240 quod
2468 3156 2626 3224 satis
2671 3156 3024 3242 attigimus.

1439 3279 1557 3325 nec
1604 3259 1743 3324 fora
1786 3280 1910 3326 non
1958 3262 2284 3326 celebrata
2330 3260 2522 3342 mihi,
2576 3268 2676 3327 set
2719 3281 2875 3326 cura
2919 3260 3193 3325 docendi

1611 3363 1840 3429 cultior
1884 3371 1948 3430 et
1990 3384 2221 3430 nomen
2266 3364 2669 3448 grammatici
2713 3363 2959 3445 merui,

1437 3486 1563 3531 non
1608 3474 1739 3533 tam
1783 3467 2031 3551 grande
2077 3467 2372 3552 quidem,
2425 3488 2551 3551 quo
2597 3468 2805 3550 gloria
2848 3474 3067 3533 nostra
3112 3466 3358 3534 subiret

1270 3591 1330 3633 20
1613 3571 1963 3638 Aemilium
2009 3578 2121 3637 aut
2168 3572 2478 3638 Scaurum
2526 3571 2939 3655 Berytiumve
2985 3572 3292 3652 Probum,

1439 3675 1554 3740 sed
1600 3696 1726 3760 quo
1769 3683 2120 3756 nostrates,
2174 3675 2562 3758 Aquitanica
2604 3674 2898 3757 nomina,
2951 3676 3185 3740 multos

1611 3780 1935 3860 conlatus,
1992 3786 2092 3845 set
2134 3800 2262 3845 non
2307 3779 2604 3845 subditus
2651 3779 3043 3864 aspicerem:

1437 3881 1809 3964 exactisque
1853 3882 2088 3948 dehinc
2130 3902 2245 3968 per
2288 3881 2458 3946 trina
2502 3880 2818 3948 decennia
2864 3881 3049 3946 fastis

1610 3984 1865 4051 deserui
1909 3986 2127 4052 doctor
2169 3985 2624 4070 municipalem
2670 4005 2929 4070 operam

1269 4108 1331 4150 25
1438 4108 1636 4154 aurea
1680 4095 1744 4155 et
1786 4089 2066 4173 Augusti
2110 4089 2357 4174 palatia
2399 4089 2618 4155 iussus
2663 4088 2847 4154 adire

1611 4194 1971 4276 Augustam
2019 4193 2314 4260 subolem
2358 4193 2814 4279 grammaticus
2859 4193 3080 4274 docui,

1439 4318 1586 4363 mox
1630 4298 1823 4365 etiam
1869 4299 2104 4364 rhetor.
2198 4318 2319 4363 nec
2365 4297 2534 4363 enim
2580 4297 2818 4364 fiducia
2860 4298 3045 4363 nobis

1608 4422 1779 4467 vana
1822 4407 1935 4466 aut
1977 4422 2105 4466 non
2151 4400 2344 4494 solidi
2387 4401 2597 4484 gloria
2641 4400 2885 4466 iudicii.

768 4559 1054 4566 -cff-ffi-
1064 4561 1119 4564 —

950 4643 1011 4693 19
1038 4659 1113 4706 sq.
1157 4644 1300 4693 Mart.
1343 4645 1367 4690 1
1405 4644 1453 4706 3,
1496 4644 1529 4693 9
1566 4645 1652 4693 sed
1692 4649 1747 4692 tu
1788 4658 1851 4691 ne
1887 4646 2072 4694 totiens
2108 4644 2299 4693 domini
2336 4646 2526 4706 patiare
2563 4644 2740 4692 lituras
2951 4643 3008 4692 21
3056 4646 3199 4705 Verg.
3242 4647 3373 4694 Aen.
3417 4646 3565 4693 VIIII
3605 4645 3705 4695 449
3741 4652 3884 4709 pater
3919 4647 4017 4694 Ro-

767 4745 943 4780 manus
1017 4733 1145 4780 Aen.
1187 4729 1380 4780 V1851
1424 4731 1643 4780 Romane
1679 4736 1932 4778 memento
2140 4729 2206 4780 22
2242 4732 2378 4782 Plin.
2421 4731 2483 4779 N.
2524 4731 2589 4779 Η.
2631 4732 2790 4793 praef.
2819 4731 2849 4779 4
2888 4731 3016 4780 hano
3053 4733 3207 4791 igitur
3244 4734 3334 4780 tibi
3376 4733 3632 4794 inputabis
3669 4739 3723 4781 et
3757 4736 3810 4781 in
3850 4738 4019 4780 nostra

770 4819 917 4880 culpa
953 4819 1044 4867 tibi
1083 4820 1309 4880 ignosces

940 4906 1035 4954 111.
1114 4903 1175 4953 13
1212 4906 1429 4954 Paullin.
1472 4906 1599 4954 Pell.
1639 4919 1788 4956 carm.
1833 4905 1978 4954 ench.
2027 4903 2122 4953 113
2161 4905 2256 4953 sed
2293 4905 2442 4953 redeo
2478 4906 2538 4954 ad
2576 4907 2756 4953 seriem

947 5128 1005 5177 17
1046 5142 1219 5189 parum
1261 5128 1306 5175 P
1510 5128 1577 5202 20
1613 5129 1916 5177 ιιιιιιυιεηᾱιε
1960 5129 2001 5175 V
2205 5127 2264 5177 21
2308 5130 2506 5177 uixisse
2550 5128 2594 5174 P
2798 5128 2862 5177 22
2901 5130 3127 5192 Explicit
3166 5129 3210 5175 P

942 5216 1034 5263 111.
1110 5214 1309 5264 Abhinc
1332 5204 1543 5264 Αῐιιιοῐιιι
1567 5205 1804 5277 οριιοοἾι
1828 5215 2087 5263 Ausonius
2113 5216 2288 5263 lectori
2314 5197 2476 5266 salute
2510 5214 2560 5276 V,
2603 5216 2862 5263 Ausonius
2888 5216 3092 5275 Syagrio
3116 5229 3206 5264 sno
3231 5216 3279 5265 S.
3313 5214 3445 5263 Scal.
3474 5216 3618 5275 volqo
3799 5213 3829 5262 2
3866 5229 4014 5275 quam

766 5305 903 5349 secti
946 5300 1053 5348 Vm¹
1264 5300 1294 5350 3
1331 5303 1542 5351 fuissem
1577 5302 1715 5351 θοαὶ.
1754 5302 1899 5361 υοιρο
2107 5301 2137 5349 6
2175 5301 2421 5349 tel-uellus
2467 5301 2507 5347 V
2539 5315 2664 5351 corr.
2705 5301 2837 5348 Seal.
3052 5301 3083 5349 8
3121 5316 3234 5364 mee
3281 5301 3388 5350 Vm¹
3611 5300 3673 5349 10
3710 5305 3768 5348 ut
3811 5301 3854 5347 V
3881 5315 3920 5349 s.
3960 5316 4010 5348 v.

772 5387 831 5436 12
869 5382 1089 5448 genitiba
1130 5388 1171 5435 V
1210 5387 1245 5450 (i
1278 5403 1357 5450 pr.
1397 5402 1456 5437 ex
1490 5390 1538 5450 e)
1816 5385 1876 5435 15
1914 5392 1966 5434 et
2002 5400 2117 5434 mox
2154 5387 2272 5436 add.
2314 5383 2425 5434 Vm2
2688 5385 2749 5434 16
2787 5392 2839 5436 et
2874 5401 2989 5435 mox
3030 5389 3263 5437 retorices
3310 5388 3349 5435 V
3607 5375 3730 5435 s²tis
3776 5388 3817 5434 V
3852 5387 3895 5446 (ι
3930 5383 4020 5449 νηΐ)

770 5473 832 5524 18
868 5476 1045 5524 nimen
1089 5474 1130 5521 V
1171 5474 1203 5537 (i
1240 5489 1297 5522 ea:
1332 5489 1360 5524 o
1394 5472 1483 5539 m2)
1735 5472 1801 5522 20
1838 5475 2087 5534 beritique
2135 5474 2184 5534 V,
2228 5474 2587 5533 Berytiumqne
2623 5471 2785 5533 Luyd.
2827 5474 2992 5534 volyo,
3032 5475 3351 5532 Berytiumve
3395 5474 3534 5535 Toll;
3590 5489 3660 5522 an
3696 5481 3747 5519 et
3784 5473 4020 5522 Scaurum

766 5561 1126 5622 Berytiumque
1168 5562 1251 5623 (es.
1295 5561 1423 5608 XVI
1460 5563 1542 5623 16,
1590 5563 1680 5622 123
1722 5561 1807 5622 21,
1852 5562 1938 5620 7)?
2206 5558 2261 5608 21
2306 5561 2646 5621 aquitanaque
2692 5559 2744 5618 V,
2786 5560 3088 5619 Aquitanica
3123 5560 3198 5609 ed.
3243 5565 3382 5607 vetus
3423 5561 3615 5608 stater-i
3869 5557 3933 5606 22
3971 5564 4024 5604 et

765 5660 863 5695 non
913 5648 966 5708 V,
1027 5653 1105 5695 set
1140 5661 1237 5695 non
1284 5649 1425 5709 Vim,
1484 5661 1583 5695 non
1620 5653 1673 5694 et
1710 5647 1843 5696 θοαὶ.
1886 5647 2027 5706 volyo
2340 5646 2404 5694 24
2443 5646 2676 5694 *adserui
2722 5646 2761 5691 V
2793 5659 2917 5693 corr.
2960 5646 3181 5694 Brundes
3495 5646 3560 5694 26
3598 5650 3931 5705 angustatam
3982 5644 4022 5692 V

765 5732 828 5781 27
867 5740 1000 5781 retor
1045 5733 1084 5780 V
1287 5733 1353 5782 28
1392 5749 1492 5782 una
1536 5735 1577 5780 V
1609 5748 1734 5782 corr.
1776 5732 1941 5792 Luyd.
