4630 6435
1778 449 2294 506 PROFESSORES
2338 460 2347 515 ,ζ
2356 452 2511 515 XVI)
2523 493 2536 505 .
3715 459 3796 519 65

559 725 667 792 14.
714 727 1061 793 CITARIO
1108 724 1413 791 SICVLO
1458 724 2023 793 SYRACVSANO
2070 727 2642 795 GRAMMATICO
2688 728 3330 795 BVRDIGALENSI
3391 729 3759 795 GRAECO.

1203 881 1316 961 Et,
1370 879 1573 946 Citari
1616 879 1887 962 dilecte,
1939 881 2096 947 mihi
2139 882 2617 964 memorabere,
2672 883 2909 967 dignus
3485 904 3583 953 203
3648 905 3793 963 xlm

1373 985 1828 1067 grammaticos
1870 984 2037 1051 inter
2079 985 2188 1068 qui
2235 986 2560 1052 celebrere
2603 987 2824 1052 bonos.

1201 1092 1378 1150 esset
1417 1086 1774 1152 Aristarchi
1818 1086 1936 1152 tibi
1979 1087 2190 1171 gloria
2232 1088 2707 1172 Zenodotique,

1375 1188 1610 1255 Graios
1655 1190 1956 1271 antiquus
2003 1190 2058 1255 si
2104 1198 2479 1275 sequeretur
2524 1192 2746 1258 honos.

1069 1314 1093 1353 ε»
1201 1292 1629 1374 carminibus,
1683 1313 1848 1375 quae
1892 1292 2100 1377 prima
2142 1293 2271 1359 tuis
2317 1300 2466 1359 sunt
2511 1296 2769 1361 condita
2812 1295 2879 1360 in
2925 1296 3113 1361 annis
3137 1351 3151 1377 ‚

1374 1396 1668 1461 concedit
1712 1396 1825 1461 Cei
1870 1415 2057 1462 musa
2103 1397 2478 1464 Simonidei.

1202 1498 1357 1563 urbe
1405 1506 1585 1563 satus
1630 1497 1849 1564 Sicula
1892 1506 2174 1564 nostram
2220 1502 2602 1585 peregrinus
2647 1502 2871 1582 adisti,

1373 1601 1695 1666 excultam
1741 1601 1969 1666 studiis
2016 1622 2207 1684 quam
2252 1623 2454 1687 prope
2500 1603 2900 1669 reddideras.

1199 1704 1568 1787 coniugium
1614 1710 1885 1769 nanctus
1930 1704 2054 1770 cito
2098 1706 2332 1771 nobilis
2379 1714 2444 1771 et
2486 1707 2859 1792 locupletis,

1035 1830 1090 1869 ιο
1371 1807 1619 1873 invidia
1662 1807 1780 1871 fati
1824 1827 1950 1873 non
1996 1808 2248 1890 genitor
2292 1810 2582 1875 moreris.

1198 1921 1266 1976 at
1309 1931 1424 1977 nos
1470 1911 1841 1976 defunctum
1885 1913 2152 1977 memori
2198 1913 2601 1979 celebramus
2644 1915 2920 1997 honore,

1370 2013 1646 2079 fovimus
1692 2022 1762 2080 ut
1805 2014 2021 2079 vivum
2068 2035 2332 2081 munere
2377 2016 2724 2082 amicitiae.

1255 2254 1363 2319 15.
1418 2254 1842 2321 CENSORIO
1887 2255 2204 2322 ATTICO
2249 2256 2606 2322 AGRICIO
2653 2257 3057 2324 RHETORI.

1195 2409 1450 2493 Eloquii
1493 2411 1720 2476 merito
1763 2411 1987 2496 primis
2032 2409 2407 2494 aequande,
2459 2411 2671 2492 fuisti,
3448 2433 3548 2483 20³
3596 2433 3785 2491 <xum

1366 2512 1586 2596 Agl-ici
1607 2565 1621 2593 ,
1674 2514 1921 2598 positus
1966 2513 2318 2598 posteriore
2361 2515 2536 2596 1000,

1194 2636 1355 2681 aevo
1400 2617 1510 2699 qui
1555 2616 1858 2699 quoniam
1903 2617 2160 2700 genitus
2205 2617 2590 2701 functusque
2635 2617 2913 2700 recenti,

1368 2718 1607 2784 dilatus
1653 2719 1872 2801 nobis,
1925 2740 2051 2785 non
2097 2727 2161 2785 et
2204 2720 2483 2786 omissus
2528 2740 2694 2786 eras.

1063 2844 1086 2881 5
1195 2842 1593 2906 quocumque
1636 2821 1705 2887 in
1749 2841 2047 2903 numero,
2099 2823 2264 2887 tristi
2310 2824 2750 2889 memorabere
2794 2824 3051 2890 threno:

1367 2944 1533 2991 unus
1575 2926 1778 2990 honos
1823 2925 2091 3005 tumuli,
2146 2945 2331 2991 serus
2378 2934 2442 2991 et
2487 2933 2638 2991 ante
2687 2926 2899 2991 datus.

1194 3036 1326 3094 tam
1372 3028 1630 3111 generis
1673 3028 1791 3094 tibi
1836 3029 2049 3093 celsus
2092 3049 2261 3112 apex
2306 3050 2500 3111 quam
2544 3029 2754 3113 gloria
2800 3029 3012 3109 fandi,

1368 3131 1573 3214 gloria
1615 3131 1936 3197 Athenaei
1981 3131 2239 3216 cognita
2283 3132 2439 3198 sede
2485 3133 2633 3198 loci.

1193 3235 1470 3301 Nazario
1515 3243 1581 3301 et
1625 3236 1797 3301 claro
1844 3237 2166 3319 quondam
2211 3235 2433 3303 delata
2472 3238 2749 3303 Paterae

1029 3359 1084 3397 ιο
1368 3338 1630 3421 egregie
1676 3339 1913 3404 multos
1957 3339 2238 3405 excoluit
2282 3339 2575 3406 iuvenes.

1194 3441 1465 3524 coniuge
1509 3460 1678 3505 nunc
1721 3440 2017 3524 natisque
2062 3442 2515 3526 superstitibus
2559 3463 2927 3526 generoque

1364 3543 1676 3609 maiorum
1721 3563 1945 3609 manes
1991 3551 2055 3610 et
2101 3553 2511 3611 monumenta
2556 3546 2759 3611 foves.

1131 3784 1242 3853 16.
1290 3785 1785 3851 NEPOTIANO
1832 3784 2401 3852 GRAMMATICO
2447 3785 2721 3850 EIDEM
2767 3786 3167 3852 RHETORI.

1190 3941 1461 4019 Facete,
1518 3939 1752 4021 comis,
1804 3940 2018 4005 animo
2062 3939 2348 4005 iuvenali
2393 3960 2593 4006 senex
2617 3992 2631 4020 ,
3499 3962 3600 4012 205
3645 3964 3779 4023 ‘xvj

1192 4043 1296 4108 cui
1340 4042 1497 4108 felle
1543 4043 1756 4124 nullo,
1808 4043 2003 4108 melle
2047 4044 2246 4109 multo
2291 4063 2473 4109 mens
2518 4043 2790 4110 madens

1191 4165 1424 4211 aevum
1472 4166 1590 4230 per
1635 4166 1824 4211 omne
1869 4146 1959 4210 nil
2005 4166 2293 4211 amarum
2341 4146 2630 4228 miscuit,

1190 4249 1474 4315 medella
1516 4249 1748 4328 nostri,
1802 4249 2196 4334 Nepotiane,
2250 4250 2561 4334 pectoris:

1057 4376 1081 4414 ο
1187 4359 1315 4416 tam
1365 4351 1673 4417 seriorum
1720 4372 1909 4434 quam
1956 4353 2235 4418 iocorum
2280 4352 2638 4437 particeps,

1190 4454 1504 4520 taciturne
1523 4505 1538 4536 ,
1592 4455 1901 4540 Amyclas
1944 4456 2054 4538 qui
2099 4455 2351 4521 silendo
2397 4455 2664 4537 viceris,

1190 4564 1255 4623 tc
1303 4557 1703 4623 fabulantem
1747 4579 1872 4623 non
1920 4559 2142 4623 Vlixes
2187 4558 2540 4642 linqueret,

1189 4661 1376 4741 liquit
1420 4667 1730 4726 canentes
1776 4660 1884 4742 qui
1931 4660 2219 4726 melodas
2261 4661 2588 4745 'virg-ines:

518 4802 706 4810 ————-—

695 4866 791 4921 16.
863 4870 895 4919 6
937 4871 1087 4931 Verg.
1130 4872 1259 4918 Aen.
1304 4870 1350 4917 X
1392 4869 1490 4918 564
1528 4871 1693 4917 tacitis
1734 4907 1744 4917 .
1778 4907 1790 4918 .
1825 4907 1835 4917 .
1880 4871 2100 4929 Amyclis

693 5055 790 5109 14.
866 5057 1162 5107 siracusam
1198 5059 1466 5120 gramatico
1501 5059 1735 5118 Burdiga!
1771 5057 1924 5106 Creco
1967 5059 2007 5105 V
2282 5058 2305 5107 1
2349 5060 2504 5120 cipari
2538 5060 2732 5108 delecte
2775 5059 2817 5107 V
2853 5062 2994 5121 (corr.
3036 5056 3130 5120 νηΐ)
3427 5059 3458 5108 2
3495 5063 3668 5110 efflare
3715 5062 3769 5122 V,

514 5144 765 5192 celebrere
807 5144 964 5204 ζωρά.
1234 5143 1267 5192 4
1303 5145 1501 5204 grauior
1546 5144 1602 5205 V,
1644 5142 1908 5192 Graiorum
1951 5142 2194 5204 Gompim
2228 5146 2389 5206 volvo,
2430 5143 2603 5193 Graios
2638 5159 2729 5206 eqo
2972 5136 3171 5207 antiqva
3223 5147 3258 5191 V
3524 5148 3554 5195 5
3593 5137 3697 5196 su'it
3744 5151 3782 5196 V

521 5233 571 5277 (n
597 5225 686 5290 νηὶ)
898 5230 930 5278 6
967 5243 1058 5277 ceu
1093 5231 1148 5290 V,
1185 5230 1434 5278 Cei-9001.
1649 5228 1680 5280 8
1716 5243 1924 5293 propere
1960 5230 2165 5278 dederas
2205 5229 2478 5279 Mommsen
2685 5230 2718 5280 9
2755 5236 2931 5281 nictus
2981 5232 3021 5278 V
3061 5232 3132 5293 (ac
3167 5247 3225 5280 ex
3261 5246 3342 5292 uc,
3383 5240 3438 5281 ιιι
3464 5235 3658 5283 videtur
3680 5234 3771 5294 m2)

521 5316 582 5363 ιο
626 5297 822 5364 inuidit
866 5316 906 5360 ν
937 5328 1065 5363 «xm.
1106 5315 1271 5376 Luyd.
1491 5314 1545 5363 ιι
1588 5315 1647 5363 ad
1697 5314 1739 5362 V
1775 5317 1816 5374 (t
1848 5311 1937 5376 mv)

693 5396 790 5451 15.
863 5401 1074 5460 Agrycio
1103 5399 1375 5449 Mommsen
1582 5403 1736 5449 retori
1774 5401 1815 5446 V
2018 5399 2048 5448 2
2087 5402 2265 5462 Agrice
2289 5403 2485 5464 positus
2510 5402 2594 5450 hic
2618 5401 2807 5464 Ζαρὰ,
2851 5403 3017 5462 Agrici
3053 5404 3138 5451 hic
3164 5405 3358 5466 positus
3398 5407 3531 5454 Scal.
3562 5408 3706 5467 volyo

518 5489 777 5549 posteriori
825 5488 863 5532 V
1094 5484 1125 5534 8
1161 5486 1396 5535 atham-ei
1446 5488 1486 5532 V
1524 5488 1574 5547 (n
1611 5500 1668 5533 ea:
1706 5502 1774 5545 m,
1817 5487 1831 5532 i
1868 5488 2016 5547 eme.)
2223 5492 2333 5548 post
2369 5505 2417 5538 v.
2458 5492 2492 5538 8
2527 5489 2737 5549 fortasse
2773 5488 3018 5537 intercidit
3054 5489 3295 5538 distichon
3532 5493 3595 5544 10
3634 5508 3775 5554 egre-

517 5576 623 5634 giae
673 5574 710 5619 V
916 5574 1005 5634 qui
1041 5574 1261 5621 excoluit
1305 5573 1412 5621 Vin.

690 5655 790 5709 16.
861 5659 1058 5720 graffiifi
1085 5642 1157 5705 nd
1178 5661 1326 5707 retori
1358 5659 1397 5706 V
1605 5657 1634 5705 2
1674 5659 1783 5706 felli
1816 5659 1857 5704 V
1879 5660 2017 5718 (corr.
2048 5657 2136 5720 m‘lj
2354 5659 2386 5708 4
2422 5661 2580 5709 nostri
2602 5661 2814 5710 medella
2848 5661 2982 5724 Vin„
3026 5661 3249 5710 medulla
3286 5664 3444 5711 nostrl
3470 5664 3705 5713 Heinsius

513 5745 545 5791 6
582 5745 784 5792 amiclas
829 5745 868 5790 V
1076 5744 1107 5794 8
1143 5746 1303 5807 liquid
1349 5746 1389 5792 V

669 5845 908 5887 Avsomvs.
3334 5855 3365 5900 9
