4630 6435
783 463 863 523 46
2253 453 2561 508 AVSONII

1289 659 1344 697 ¹⁵
1452 653 1516 710 et
1560 665 1726 710 nunc
1771 644 2061 729 perpetui
2108 642 2309 708 sentis
2356 643 2473 707 sub
2520 641 2759 707 honore
2806 641 3124 725 sepulcri,

1623 770 1811 833 quam
1860 767 2162 814 reverens
2207 753 2399 811 natae
2443 764 2763 830 quamque
2809 745 2900 810 tui
2946 764 3264 809 maneam.

1451 853 1713 918 caelebs
1759 872 2033 935 namque
2078 870 2280 934 gener
2327 849 2487 915 haec
2531 870 2698 914 nunc
2746 849 2857 933 pia
2901 868 3166 913 munera
3211 848 3425 913 solvo:

1622 977 1772 1021 nam
1821 963 1886 1021 et
1929 954 2191 1020 caelebs
2235 975 2587 1037 numquam
2634 952 2922 1019 desinam
2969 959 3033 1018 et
3079 971 3223 1017 esse
3269 971 3489 1033 gener.

1610 1332 1720 1399 ll.
1777 1334 2147 1399 ATTVSIA
2192 1334 2536 1399 LVCANA
2583 1333 2899 1398 SABINA
2944 1331 3202 1397 VXOR.

1454 1509 1778 1573 Hactenus
1823 1514 1893 1572 ut
1936 1526 2149 1586 caros,
2205 1507 2297 1572 ita
2342 1507 2510 1572 iusto
2556 1507 2781 1572 funere
2827 1505 3009 1570 fletos
3704 1519 3797 1569 168
3844 1519 4029 1579 (vnn)

1623 1611 1844 1675 functa
1887 1610 2012 1695 piis
2057 1610 2291 1676 cecinit
2333 1610 2526 1675 nenia
2570 1617 2788 1675 nostra
2830 1609 3059 1673 modis.

1454 1736 1655 1795 nunc,
1711 1715 1891 1779 dolor
1936 1720 2128 1797 atque
2176 1734 2394 1779 cruces
2439 1734 2559 1779 nec
2604 1713 3056 1778 contrectabile
3103 1713 3384 1789 fulmen,

1624 1817 1913 1900 coniugis
1959 1825 2218 1902 ereptae
2264 1836 2436 1882 mors
2480 1816 2894 1883 memoranda
2937 1815 3116 1880 mihi.

1320 1945 1345 1983 5
1452 1920 1686 1985 nobilis
1732 1942 1772 1985 a
1816 1920 2072 2004 proavis
2119 1928 2184 1985 et
2226 1920 2474 2003 origine
2521 1921 2697 1984 clara
2743 1926 3039 1998 senatus,

1623 2024 1905 2089 moribus
1952 2044 2153 2107 usque
2203 2024 2386 2089 bonis
2433 2025 2609 2089 clara
2654 2024 2896 2088 Sabina
2941 2022 3152 2107 magis
3175 2074 3189 2102 ,

1451 2137 1512 2194 te
1559 2128 1810 2193 iuvenis
1856 2127 2077 2212 primis
2125 2129 2261 2192 luxi
2307 2128 2616 2212 deceptus
2660 2127 2726 2192 in
2773 2127 2960 2192 annis

1625 2252 1865 2318 perque
1909 2252 2141 2299 novem
2188 2232 2447 2297 caelebs
2493 2238 2557 2296 te
2600 2231 2725 2297 fleo
2772 2230 3203 2315 olympiadas.

1450 2357 1570 2400 nec
1614 2336 1767 2400 licet
1808 2336 2150 2400 obductum
2197 2336 2377 2401 senio
2425 2335 2636 2420 sopire
2681 2334 2997 2400 dolorem:

1287 2462 1342 2500 ιο
1624 2457 1877 2523 semper
1920 2439 2242 2504 crudescit
2286 2459 2436 2503 nam
2484 2438 2643 2503 mihi
2687 2457 2898 2522 poena
2944 2456 3187 2504 recens

1451 2542 1797 2607 admittunt
1842 2542 1953 2606 alii
1997 2542 2243 2608 solacia
2287 2541 2593 2627 temporis
2639 2541 2853 2623 aegri:

1626 2645 1787 2709 baec
1829 2644 2128 2728 graviora
2174 2644 2329 2710 facit
2372 2646 2642 2710 vulnera
2687 2646 2881 2727 longa
2925 2643 3087 2708 dies.

1451 2756 1711 2831 torqueo
1758 2749 2061 2831 deceptos
2108 2768 2230 2831 ego
2276 2748 2412 2813 vita
2458 2748 2708 2813 caelibe
2755 2765 2981 2827 canos,

1624 2872 1875 2935 quoque
1919 2851 2129 2935 magis
2177 2853 2387 2931 solus,
2445 2851 2566 2916 hoc
2608 2871 2798 2934 mage
2845 2858 3129 2916 maestus
3175 2870 3322 2932 ago,

1289 2979 1344 3018 ιε»
1451 2956 1679 3020 volnus
1724 2955 1870 3036 alit,
1925 2955 2095 3037 quod
2140 2962 2319 3019 muta
2364 2955 2589 3020 domus
2637 2955 2785 3020 silet
2829 2961 2894 3020 et
2937 2960 3111 3019 torus
3156 2954 3366 3038 alget,

1622 3057 1798 3141 quod
1841 3059 2016 3123 mala
2060 3078 2185 3124 non
2232 3059 2560 3141 cuiquam,
2617 3078 2743 3122 non
2788 3059 2956 3123 bona
2998 3056 3330 3142 participo.

1451 3183 1739 3245 maere0,
1794 3162 1848 3227 si
1896 3162 2173 3227 coniunx
2217 3162 2334 3227 alii
2378 3162 2582 3242 bona,
2633 3182 2890 3228 maereo
2938 3168 3189 3242 contra,

1627 3267 1682 3331 si
1727 3267 1931 3331 mala:
1988 3266 2073 3331 ad
2121 3268 2489 3351 exemplum
2536 3273 2603 3331 tu
2650 3266 2806 3330 mihi
2853 3285 3107 3351 semper
3149 3266 3328 3331 ades.

1455 3379 1520 3436 tu
1567 3370 1722 3435 mibi
1772 3390 1923 3434 crux
1970 3370 2052 3434 ab
2100 3375 2370 3451 utraque
2416 3368 2632 3450 venie,
2685 3369 2822 3435 sive
2869 3374 2969 3434 est
3011 3370 3219 3450 mala,
3271 3369 3443 3451 quod
3490 3374 3558 3430 tu

1285 3497 1344 3537 20
1627 3472 1960 3538 dissimilis
2007 3472 2239 3552 fueriS,
2298 3491 2413 3537 seu
2459 3473 2660 3550 bona,
2717 3471 2884 3554 quod
2930 3471 3181 3535 similis.

1453 3597 1578 3642 non
1625 3595 1745 3658 ego
1793 3594 1951 3660 opes
1997 3594 2220 3640 cassas
2265 3581 2330 3640 et
2370 3575 2589 3640 inania
2633 3575 2877 3659 gaudia
2920 3576 3190 3660 plange,

1625 3679 1742 3744 sed
1787 3679 2041 3744 iuvenis
2085 3678 2302 3743 iuveni
2349 3678 2520 3760 quod
2565 3677 2721 3743 mihi
2767 3685 2955 3761 rapta
2999 3678 3170 3742 viro:

1454 3785 1658 3862 laeta,
1713 3782 1979 3866 pudica,
2033 3782 2285 3865 gravis,
2342 3800 2546 3864 genus
2591 3780 2815 3845 inclita
2859 3786 2924 3846 et
2966 3781 3189 3846 inclita
3233 3780 3470 3860 forma,

1627 3893 1691 3952 et
1738 3885 1917 3951 dolor
1962 3892 2158 3968 atque
2205 3886 2403 3951 decus
2448 3885 2741 3967 coniugis
2786 3884 3079 3949 Ausonii.

1285 4011 1346 4052 25
1453 4009 1620 4072 quae
1666 3988 1853 4053 modo
1901 3996 2203 4072 septenos
2248 3994 2474 4072 quater
2517 3987 2841 4071 inpletura
2885 3987 3307 4069 Decembres,

1625 4092 1872 4174 liquisti
1916 4099 2133 4170 natos,
2190 4091 2463 4175 pignera
2507 4098 2757 4170 nostra,
2815 4091 2996 4156 duos

1450 4195 1568 4261 illa
1613 4196 1834 4260 favore
1884 4195 2025 4276 dei,
2080 4194 2246 4260 sicut
2289 4202 2402 4259 tua
2447 4202 2596 4260 vota
2639 4195 2928 4275 fuerunt,

1623 4298 1883 4379 florent,
1939 4297 2175 4382 optatis
2220 4300 2626 4363 accumulata
2670 4298 2878 4364 bonis.

1451 4409 1518 4469 et
1558 4422 1815 4487 precor,
1872 4408 1942 4467 ut
1985 4402 2250 4484 vigeant
2294 4403 2684 4485 tandemque
2732 4403 3074 4486 superstite
3122 4410 3391 4486 utroque

1284 4528 1343 4567 ,ιο
1622 4506 1874 4571 nuntiet
1918 4505 2038 4570 boc
2082 4504 2282 4570 cineri
2327 4512 2545 4570 nostra
2590 4506 2816 4571 favilla
2861 4513 2989 4571 tuo.

956 4800 1056 4856 11·
1128 4805 1158 4853 3
1208 4805 1386 4863 Quint.
1430 4805 1468 4852 1.
1513 4805 1569 4851 O.
1613 4804 1703 4852 VI.
1762 4804 1982 4854 Prooem.
2027 4804 2057 4852 5
2102 4804 2433 4852 insanabilem
2484 4804 2729 4863 dolorem,
2807 4805 2838 4852 6
2885 4804 3126 4852 maximos
3168 4805 3443 4865 cruciatus,
3525 4803 3587 4852 10
3636 4805 3765 4850 tanti
3812 4803 4047 4850 fulminis

781 4891 807 4938 7
850 4893 999 4952 Verg.
1042 4893 1173 4940 Aen.
1214 4893 1315 4939 1111
1358 4891 1414 4939 17
1454 4897 1716 4954 postquam
1754 4891 1948 4952 primus
1986 4905 2123 4939 amor
2158 4891 2417 4953 deceptam
2455 4897 2610 4938 morte
2648 4892 2834 4939 fefellit
3007 4890 3038 4937 9
3076 4893 3230 4951 Verg.
3271 4892 3402 4939 Aen.
3444 4892 3492 4939 X
3528 4890 3593 4940 64
3632 4889 3904 4938 obductum
3936 4924 3948 4935 .
3983 4924 3993 4935 .
4027 4923 4041 4936 .

778 4978 993 5026 dolorem
1276 4976 1336 5026 15
1376 4977 1501 5027 Stat.
1545 4977 1668 5026 silv.
1711 4977 1758 5023 11
1800 4977 1844 5038 1,
1888 4976 1950 5025 67
1992 4983 2130 5025 mute
2165 4978 2342 5024 domus
2378 4981 2481 5024 stet
2757 4975 2821 5024 24
2862 4978 3017 5037 Vei-g.
3058 4978 3187 5027 Aen.
3231 4978 3280 5025 X
3317 4976 3413 5026 507
3458 4991 3486 5024 o
3522 4978 3663 5026 dolor
3697 4982 3851 5037 atque
3887 4974 4044 5024 decus

779 5064 843 5112 25
883 5065 999 5112 Hor.
1043 5064 1212 5125 Epist.
1254 5065 1275 5111 1
1313 5063 1398 5128 20,
1442 5063 1505 5112 27
1544 5078 1623 5112 me
1660 5069 1836 5125 quater
1873 5065 2104 5111 undenos
2140 5064 2263 5111 sciat
2299 5064 2578 5124 inplevisse
2617 5063 2916 5111 Decembres

959 5335 1019 5385 16
1058 5339 1282 5385 referens
1328 5338 1371 5384 V
1399 5351 1525 5387 corr.
1567 5337 1730 5397 Luqd.
1974 5337 2034 5385 17
2074 5352 2212 5386 nnnc
2247 5338 2370 5386 baec
2406 5337 2567 5399 Luqd.
2608 5340 2752 5400 volyo
2990 5337 3051 5386 18
3089 5340 3259 5400 celeps
3306 5341 3347 5386 V
3569 5339 3768 5386 desinet
3813 5340 3867 5402 V,
3909 5336 4049 5385 desi-

780 5438 892 5472 nam
930 5430 983 5472 et
1020 5425 1284 5486 Heinsius3
1326 5438 1395 5472 an
1430 5425 1654 5473 desinam
1693 5427 1821 5483 ego?
2313 5463 2325 5468 -

954 5506 1053 5561 11·
1127 5510 1158 5559 2
1197 5511 1380 5559 cecinit
1415 5512 1456 5558 V
1476 5512 1515 5570 (t
1539 5525 1596 5558 cx
1621 5527 1649 5558 a
1673 5515 1729 5559 ut
1753 5510 1947 5557 videtur
1973 5506 2060 5570 m‘l)
2248 5511 2278 5556 3
2320 5510 2482 5572 adque
2518 5513 2559 5558 V
2748 5511 2777 5558 5
2816 5512 2892 5558 cla
2927 5513 2983 5574 V,
3011 5511 3137 5559 clera
3163 5512 3326 5571 Luyd.
3528 5511 3560 5558 6
3597 5501 3780 5558 morib⁸
3816 5512 3859 5557 V
3889 5511 3928 5570 (s
3953 5507 4045 5570 m23

783 5597 810 5644 'a'
852 5599 977 5645 luxu
1016 5600 1068 5657 V,
1111 5597 1225 5645 luxi
1260 5598 1369 5644 Vin.
1582 5598 1856 5660 deceptus*
1895 5597 1936 5643 V
1969 5596 2015 5657 (q
2044 5596 2194 5655 eras.)
2412 5597 2440 5644 8
2480 5598 2647 5659 celeps
2684 5600 2725 5645 V
2928 5598 3218 5660 olimpiades
3254 5599 3295 5646 V
3505 5596 3567 5644 10
3604 5596 3748 5657 plaga
3784 5597 4044 5652 Heinsius,

783 5698 942 5745 paene
984 5682 1288 5746 Mommsen3
1331 5682 1398 5742 cs.
1430 5682 1533 5730 ind.
1563 5698 1603 5731 s.
1634 5699 1681 5733 v.
1713 5696 1873 5744 poena
2088 5678 2149 5727 13
2188 5671 2336 5728 ranvs
2384 5683 2436 5740 V,
2480 5697 2624 5730 canos
2664 5684 2823 5742 Luyd.
3078 5683 3136 5733 17
3176 5675 3338 5734 mere⁰
3376 5691 3547 5732 contre
3593 5685 3635 5730 V
3671 5673 3771 5744 (ποθ’
3806 5686 3858 5731 in
3892 5686 4053 5731 unius

779 5773 971 5819 litterae
1008 5784 1107 5818 ras.
1146 5765 1238 5830 πθ)
1453 5767 1516 5817 24
1556 5768 1720 5828 adque
1769 5769 1811 5816 V
2019 5766 2084 5816 26
2119 5769 2328 5828 pignora
2364 5769 2502 5828 volqo
2711 5769 2775 5818 28
2812 5772 2989 5817 obtatis
3039 5772 3077 5817 V
