4630 6435
1883 459 2227 517 MOSELLA
2271 458 2527 525 (XVIII).
3758 457 3841 521 93

1251 649 1405 733 quin
1451 648 1646 714 etiam
1691 647 1892 733 riguis
1939 649 2166 714 humili
2212 649 2378 733 pede
2426 648 2679 713 condita
2726 648 2926 732 pratis

1252 756 1602 836 conpensat
1648 753 1807 817 celsi
1852 753 2022 817 bona
2066 753 2389 817 naturalia
2433 752 2667 817 montis

1252 855 1640 937 sublimique
1686 854 1941 920 minans
1986 855 2278 939 irrumpit
2321 856 2389 921 in
2436 856 2700 921 aethera
2742 862 2941 934 tecm,

1049 981 1143 1017 :3:30
1252 965 1580 1024 ostentans
1625 961 1825 1023 altam
1870 959 2115 1024 Pharos
2162 966 2234 1025 ut
2275 959 2691 1044 Memphitica
2735 960 2980 1024 turrim.

1251 1063 1400 1129 huic
1447 1062 1773 1147 proprium
1822 1070 1921 1128 est
1964 1063 2220 1128 clausos
2267 1070 2610 1148 consaepto
2656 1063 2909 1146 gurgite
2954 1063 3166 1146 pisces

1252 1165 1504 1250 apricas
1552 1167 1954 1249 scopulorum
2001 1167 2170 1231 inter
2215 1173 2476 1251 captare
2519 1167 2820 1245 novales,

1253 1270 1412 1334 haec
1459 1269 1726 1335 summis
1772 1269 1995 1334 innixa
2039 1270 2213 1352 iugis
2260 1269 2545 1335 labentia
2592 1270 2811 1336 subter

1255 1372 1518 1437 flumina
1562 1373 1868 1456 despectu
1916 1373 2043 1437 iam
2091 1373 2414 1455 caligante
2460 1379 2693 1439 tuetur.

1050 1496 1145 1535 335
1252 1476 1418 1542 atria
1459 1475 1618 1559 quid
1661 1496 2005 1541 memorem
2051 1476 2480 1542 viridantibus
2525 1476 2741 1542 adsita
2785 1477 2989 1560 pratis

1249 1579 1729 1659 innumerisque
1777 1599 1970 1664 super
2012 1579 2285 1645 nitentia
2330 1587 2499 1646 tecta
2544 1579 2903 1646 columnis?

1252 1683 1409 1766 quid
1452 1704 1620 1767 quae
1664 1683 1969 1749 fluminea
2013 1683 2381 1749 substructa
2427 1682 2753 1768 crepidine
2801 1683 3050 1748 fumant

1251 1786 1520 1868 balnea,
1575 1787 1849 1852 ferventi
1896 1806 2039 1850 cum
2086 1785 2400 1851 Mulciber
2445 1785 2721 1852 haustus
2768 1793 2987 1870 operto

1252 1890 1449 1955 volvit
1493 1889 1831 1955 anhelatas
1876 1889 2140 1955 tectoria
2184 1909 2300 1973 per
2346 1909 2506 1954 cava
2549 1888 2873 1969 flammas,

1051 2010 1144 2049 τω)
1250 1992 1569 2057 inclusum
1612 1992 1978 2075 glomerans
2022 1998 2207 2057 aestu
2254 1992 2589 2076 expirante
2634 2000 2982 2077 vaporem?

1252 2094 1387 2161 vidi
1433 2116 1553 2179 ego
1600 2094 1891 2161 defessos
1936 2095 2135 2160 multo
2182 2095 2415 2161 sudore
2462 2095 2701 2161 lavacri

1252 2197 1581 2265 fastidisse
1626 2199 1807 2265 lacus
1852 2206 1916 2264 et
1961 2198 2200 2282 frigora
2242 2198 2635 2284 piscinarum
2662 2251 2676 2280 ,

1253 2308 1323 2368 ut
1366 2302 1533 2368 vivis
1578 2302 1938 2368 fruerentur
1982 2303 2200 2385 aquis,
2258 2324 2407 2367 mox
2451 2324 2640 2369 amne
2686 2302 2921 2370 refotos

1251 2405 1583 2491 plaudenti
1626 2406 1915 2489 gelidum
1959 2405 2200 2471 flumen
2243 2407 2574 2491 pepulisse
2621 2413 2867 2473 natatu.

1053 2528 1147 2567 :245
1254 2509 1426 2592 quod
1471 2509 1527 2574 si
1572 2509 1877 2575 Cumanis
1924 2510 2049 2575 huc
2095 2511 2323 2576 afforet
2366 2510 2602 2594 hospes
2648 2513 2730 2577 ab
2777 2511 2935 2589 oris,

1257 2613 1545 2679 crederet
1592 2613 1912 2679 Euboicas
1960 2614 2304 2679 simulacra
2350 2614 2548 2680 exilia
2592 2614 2787 2680 Baias

1255 2717 1355 2782 his
1401 2717 1680 2783 donasse
1724 2717 1918 2782 locis:
1968 2723 2217 2782 tantum
2265 2717 2603 2802 cultusque
2647 2718 2943 2799 nitorque

1255 2818 1459 2885 allicit
1505 2826 1568 2885 et
1613 2820 1862 2883 nullum
1905 2819 2077 2902 parit
2121 2819 2463 2885 oblectatio
2507 2820 2753 2885 luxum.

1428 2922 1558 2988 Sed
1603 2922 1760 2987 mihi
1806 2921 1916 3006 qui
1959 2921 2222 2988 tandem
2267 2922 2413 2991 finis
2458 2929 2573 2988 tua
2615 2924 2852 3006 glauca
2895 2922 3136 2987 fluenta

1054 3044 1147 3083 :350
1255 3027 1468 3093 dicere
1513 3024 2037 3109 dignandumque
2083 3026 2242 3090 mari
2288 3046 2645 3092 memorare
2689 3026 3060 3104 Mosellam,

1253 3130 1570 3195 innumeri
1613 3129 1785 3213 quod
1831 3135 1893 3194 te
1940 3128 2197 3194 diversa
2243 3149 2360 3214 per
2403 3129 2568 3194 ostia
2612 3130 2742 3195 late

1254 3236 1579 3299 incurrunt
1622 3240 1893 3298 amnes?
1937 3254 2325 3317 quamquam
2373 3233 2632 3300 differre
2678 3241 2927 3299 meatus

1255 3343 1545 3421 possent,
1601 3335 1718 3402 sed
1762 3336 2049 3417 celerant
2091 3337 2157 3401 in
2204 3343 2267 3401 te
2314 3356 2689 3403 consumere
2734 3357 2987 3402 nomen.

1254 3459 1533 3522 namque
1578 3447 1643 3505 et
1684 3441 1995 3505 Promeae
2042 3441 2489 3523 Nemesaeque
2536 3441 2761 3506 adiuta
2806 3448 3021 3506 meatu

1055 3561 1150 3600 :355
1257 3543 1423 3609 Sura
1467 3551 1610 3609 tuas
1657 3550 1955 3629 properat
1999 3564 2127 3608 non
2173 3543 2458 3626 degener
2500 3545 2593 3609 ire
2641 3545 2758 3609 snb
2807 3543 3049 3622 undas?

1257 3646 1424 3712 Sura
1468 3646 1834 3731 interceptis
1879 3646 1995 3712 tibi
2042 3645 2408 3729 gratificata
2451 3645 2746 3712 fluentis:

1255 3749 1533 3815 nobilius
1580 3749 1897 3833 permixta
1940 3756 2049 3815 tuo
2095 3751 2214 3815 sub
2259 3749 2553 3832 nomine,
2606 3771 2799 3833 quam
2846 3749 2900 3814 si

1256 3851 1614 3935 ignoranda
1659 3852 1824 3936 patri
1871 3852 2289 3919 confunderet
2335 3853 2498 3918 ostia
2543 3855 2765 3919 Pont0.

1255 3962 1318 4021 te
1363 3955 1632 4040 rapidus
1677 3955 1932 4037 Celbis,
1987 3963 2050 4022 te
2095 3976 2407 4022 marmore
2453 3958 2664 4021 clarus
2710 3957 2978 4022 Erubris

1054 4077 1150 4118 noo
1257 4058 1567 4124 festinant
1609 4059 1870 4124 famulis
1914 4079 2106 4142 quam
2154 4060 2429 4144 primum
2476 4059 2848 4125 adlambere
2895 4059 3205 4144 lymphis:

762 4300 859 4351 337
887 4316 992 4363 sqq.
1037 4302 1164 4351 Stat.
1206 4301 1334 4350 Silv.
1374 4304 1397 4349 1
1435 4301 1495 4362 3,
1538 4302 1602 4350 43
1633 4317 1742 4364 sqq.
1786 4318 1848 4351 an
1886 4318 2013 4365 quae
2051 4305 2304 4364 graminea
2340 4309 2574 4364 suscepta
2611 4305 2870 4366 crepidine
2909 4306 3108 4351 sumant
3146 4305 3322 4350 balnea
3359 4310 3412 4351 et
3447 4305 3739 4366 impositum
3776 4304 3845 4351 ri-

589 4388 667 4448 pis
702 4388 988 4448 algentibus
1024 4388 1227 4448 ignem?
1281 4402 1480 4450 quaque
1518 4390 1807 4450 vaporiferis
1843 4391 2050 4438 iunctus
2086 4391 2374 4438 fornacibus
2412 4391 2575 4438 amnis
2612 4390 2742 4437 ridet
2778 4389 3072 4436 anhelantes
3111 4390 3273 4437 vicino
3314 4390 3524 4436 numine
3561 4389 3849 4451 Nymphas?

589 4471 688 4520 342
724 4473 845 4521 Hor.
888 4472 1055 4536 Epist.
1096 4475 1120 4520 1
1159 4473 1205 4536 3,
1254 4473 1310 4523 11
1353 4475 1580 4523 fastidire
1617 4476 1754 4524 lacus
1989 4476 2087 4525 345
2128 4476 2253 4526 Stat.
2298 4477 2418 4526 Silv.
2463 4479 2484 4524 1
2525 4478 2573 4537 5,
2616 4477 2680 4524 60
2719 4490 2809 4523 nec
2848 4476 2889 4522 si
2928 4476 3127 4524 Baianis
3163 4476 3333 4523 veniat
3371 4489 3527 4524 novus
3552 4476 3747 4537 ⁴hospes
3787 4475 3848 4522 ab

589 4561 686 4607 oris
896 4558 995 4608 349
1034 4560 1186 4621 Verg.
1228 4562 1355 4611 Aen.
1402 4562 1473 4609 VI
1512 4560 1608 4610 327
1649 4577 1796 4611 rauca
1834 4563 2024 4611 fluenta

759 4782 856 4831 327
896 4787 1019 4846 quin
1056 4787 1177 4833 mai.
1218 4786 1310 4834 tm.
1356 4788 1429 4835 in.
1476 4787 1518 4833 G
1795 4787 1995 4846 irriguis
2034 4786 2077 4832 13
2356 4774 2512 4847 p‘atis
2554 4785 2596 4832 G
2874 4785 2974 4834 328
3012 4792 3285 4849 conpensat
3326 4786 3385 4846 Z,
3434 4791 3719 4844 compensat
3755 4789 3844 4831 cet.

587 4869 686 4918 329
722 4871 905 4933 irrupit
942 4869 1015 4920 Βλ
1223 4872 1422 4919 aethere
1459 4869 1580 4919 ΒΖλ
1792 4871 1891 4920 330
1929 4872 2074 4919 aliam
2102 4872 2164 4932 B,
2207 4873 2308 4919 alta
2337 4869 2399 4920 λ*
2610 4872 2735 4920 faros
2762 4870 2882 4920 6132
3092 4873 3338 4935 ffiphitica
3363 4873 3525 4919 turri*
3557 4871 3597 4916 Z
3630 4872 3669 4932 (s
3694 4873 3843 4929 era-5.)

594 4954 688 5004 331
734 4962 809 5005 est
846 4954 889 5002 G
935 4959 991 5018 (a.
1020 4957 1091 5018 v.)
1132 4971 1226 5006 om.
1260 4959 1317 5018 Z,
1359 4964 1437 5006 est
1472 4971 1608 5017 susp.
1822 4965 2058 5019 concepto
2084 4958 2147 5015 Β,
2190 4963 2427 5019 consepto
2460 4962 2548 5005 cet,
2765 4956 2863 5006 332
2904 4964 3099 5019 captate
3125 4957 3153 5007 λ
3365 4957 3463 5005 333
3499 4938 3634 5018 iiigis
3669 4946 3849 5004 innixa

592 5039 654 5091 λ*
863 5034 963 5090 335
1002 5045 1126 5091 atria
1161 5046 1278 5091 mai.
1323 5046 1417 5092 litt.
1463 5046 1531 5091 in.
1574 5043 1663 5089 ΘΒ
1871 5025 2022 5105 εξείὶε
2059 5040 2101 5087 G
2134 5043 2183 5104 (d
2209 5040 2325 5103 m2)‚
2366 5045 2522 5092 assita
2551 5044 2591 5090 Z
2802 5043 2902 5093 336
2938 5045 3125 5092 colonis
3162 5041 3190 5092 λ
3402 5043 3498 5092 337
3539 5043 3784 5091 subducta
3820 5039 3848 5090 λ

591 5126 689 5176 338
726 5133 897 5190 aperto
935 5126 965 5178 λ
1267 5128 1367 5179 339
1406 5131 1574 5177 namas
1617 5129 1657 5174 Z
1959 5127 2048 5176 341
2097 5128 2317 5178 lauaehri
2356 5130 2399 5176 B
2702 5127 2800 5179 342
2839 5130 3046 5179 flumina
3083 5130 3128 5176 Β
3429 5130 3527 5179 343
3566 5132 3750 5178 resotes
3788 5124 3849 5177 λ*

1587 5193 1785 5234 cumanis

588 5248 686 5297 345
723 5250 856 5312 qnod
892 5252 1010 5300 mai.
1053 5251 1147 5298 lm.
1191 5253 1258 5299 in.
1302 5250 1344 5296 G
1587 5253 1648 5312 ςῇ
1684 5244 1797 5312 anis
1833 5249 1875 5295 G
2118 5249 2250 5298 horis
2294 5250 2336 5295 Z
2584 5251 2683 5300 346
2722 5228 3013 5301 simulachra
3048 5252 3094 5298 Β
3338 5250 3435 5299 347
3476 5257 3647 5300 tantus
3683 5249 3848 5311 codd„

586 5342 783 5385 tantum
822 5335 1096 5384 Mommsen
1327 5335 1426 5384 349
1464 5337 1550 5385 sed
1585 5339 1706 5384 mai.
1746 5337 1844 5384 zm.
1887 5339 1956 5385 ἰη.
2004 5336 2091 5384 GB
2327 5337 2427 5385 350
2467 5353 2766 5386 memorasse
2810 5339 2924 5396 (om.
2964 5338 3081 5399 que)
3123 5335 3151 5385 λ
3362 5338 3569 5386 Mosella
3606 5337 3849 5395 Boeckiny

585 5420 679 5469 :351
720 5418 883 5484 hostia
924 5422 981 5483 G,
1025 5422 1188 5471 hostia
1225 5422 1268 5468 B
1307 5423 1380 5484 (in
1417 5436 1508 5484 quo
1543 5423 1573 5468 h
1611 5423 1760 5483 eras.)
1808 5422 1849 5467 Z
1939 5453 1942 5456 2
2077 5422 2177 5471 352
2215 5429 2450 5485 quanqua
2493 5420 2651 5473 GZR*
2858 5423 2958 5471 353
2996 5424 3050 5470 in
3088 5419 3163 5488 te]
3201 5425 3307 5484 uite
3346 5422 3374 5473 λ
3587 5423 3687 5472 354
3725 5437 3849 5471 nan-

585 5523 681 5570 que
719 5506 861 5555 GBZ
1136 5522 1355 5570 protnee
1400 5508 1458 5569 G,
1514 5523 1698 5571 pronee
1738 5508 1845 5569 ΒΖ,
1899 5521 2080 5572 pronea
2116 5513 2194 5556 est
2232 5507 2280 5568 λ,
2335 5515 2385 5557 et
2422 5512 2565 5571 aquis
2604 5510 2805 5558 Promae
2843 5511 3002 5570 Beryk
3042 5510 3230 5570 (Jahrb.
3273 5510 3355 5557 dea
3402 5511 3504 5558 Ver.
3545 5527 3594 5557 υ.
3636 5512 3739 5558 Act.
3784 5512 3849 5557 im

587 5593 780 5644 Rheinl.
822 5594 971 5641 LVII
1015 5593 1088 5654 15)
1317 5594 1533 5642 adducta
1569 5591 1598 5642 λ
1829 5594 1927 5642 357
1967 5594 2218 5643 nobilibus
2257 5593 2331 5644 Βλ
2561 5597 2705 5657 quasi
2744 5593 2806 5645 λ*
3035 5594 3134 5643 358
3171 5575 3503 5643 confundere*
3541 5593 3569 5643 λ
3614 5597 3651 5658 (t
3686 5592 3778 5656 m2)

587 5680 745 5729 hostia
786 5680 828 5726 Z
1069 5680 1168 5729 359
1206 5682 1366 5741 gelbis
1411 5680 1453 5728 G
1488 5681 1647 5740 volpe,
1691 5681 1848 5739 belgis
1890 5679 2025 5740 ΒΖλ,
2072 5681 2239 5730 Celbis
2277 5681 2409 5728 Scnl.
2628 5684 2837 5729 erubrus
2878 5679 2950 5729 Βλ
2989 5684 3132 5741 volyo
3384 5681 3483 5728 360
3520 5682 3748 5729 adlabere
3786 5679 3849 5740 O,

586 5768 796 5814 allabere
837 5767 896 5826 Ζ,
938 5767 1131 5815 alabere
1169 5764 1218 5824 λ,
1261 5768 1526 5814 allambere
1568 5768 1606 5813 R
