<?xml version="1.0" encoding="UTF-8"?>
<!DOCTYPE html PUBLIC "-//W3C//DTD XHTML 1.0 Transitional//EN"
    "http://www.w3.org/TR/xhtml1/DTD/xhtml1-transitional.dtd">
<html xmlns="http://www.w3.org/1999/xhtml" xml:lang="en" lang="en">
 <head>
  <title>
</title>
<meta http-equiv="Content-Type" content="text/html;charset=utf-8" />
  <meta name='ocr-system' content='tesseract 3.04.00' />
  <meta name='ocr-capabilities' content='ocr_page ocr_carea ocr_par ocr_line ocrx_word'/>
</head>
<body>
  <div class='ocr_page' id='page_1' title='image "./dmagniavsoniiop02ausogoog_0192.png"; bbox 0 0 4630 6435; ppageno 0'>
   <div class='ocr_carea' id='block_1_1' title="bbox 772 416 894 479">
    <p class='ocr_par' dir='ltr' id='par_1_1' title="bbox 772 416 894 479">
     <span class='ocr_line' id='line_1_1' title="bbox 772 416 894 479; baseline 0.033 -5"><span class='ocrx_word' id='word_1_1' title='bbox 772 416 894 479; x_wconf 80' lang='lat'>120</span> 
     </span>
    </p>
   </div>
   <div class='ocr_carea' id='block_1_2' title="bbox 2241 416 2548 475">
    <p class='ocr_par' dir='ltr' id='par_1_2' title="bbox 2241 416 2548 475">
     <span class='ocr_line' id='line_1_2' title="bbox 2241 416 2548 475; baseline 0.003 -3"><span class='ocrx_word' id='word_1_2' title='bbox 2241 416 2548 475; x_wconf 83' lang='lat' dir='ltr'><strong>AVSONII</strong></span> 
     </span>
    </p>
   </div>
   <div class='ocr_carea' id='block_1_3' title="bbox 1622 743 3164 839">
    <p class='ocr_par' dir='ltr' id='par_1_3' title="bbox 1622 743 3164 839">
     <span class='ocr_line' id='line_1_3' title="bbox 1622 743 3164 839; baseline 0.003 -30"><span class='ocrx_word' id='word_1_3' title='bbox 1622 743 1689 809; x_wconf 81' lang='lat'>3.</span> <span class='ocrx_word' id='word_1_4' title='bbox 1742 743 1835 808; x_wconf 86' lang='lat' dir='ltr'><strong>IN</strong></span> <span class='ocrx_word' id='word_1_5' title='bbox 1882 744 2087 809; x_wconf 83' lang='lat' dir='ltr'><strong>FINE</strong></span> <span class='ocrx_word' id='word_1_6' title='bbox 2128 744 2514 839; x_wconf 51' lang='lat' dir='ltr'>¹EIVSDEM</span> <span class='ocrx_word' id='word_1_7' title='bbox 2557 746 2791 811; x_wconf 89' lang='lat' dir='ltr'>LIBRI</span> <span class='ocrx_word' id='word_1_8' title='bbox 2835 748 3164 814; x_wconf 89' lang='lat' dir='ltr'><strong>ADDITI.</strong></span> 
     </span>
    </p>
   </div>
   <div class='ocr_carea' id='block_1_4' title="bbox 1437 916 3550 1309">
    <p class='ocr_par' dir='ltr' id='par_1_4' title="bbox 1438 916 3210 1104">
     <span class='ocr_line' id='line_1_4' title="bbox 1438 916 3210 1005; baseline 0.005 -25"><span class='ocrx_word' id='word_1_9' title='bbox 1438 916 1767 982; x_wconf 81' lang='lat' dir='ltr'>Hactenus</span> <span class='ocrx_word' id='word_1_10' title='bbox 1813 917 2134 1002; x_wconf 81' lang='lat' dir='ltr'>adscripsi</span> <span class='ocrx_word' id='word_1_11' title='bbox 2180 917 2411 983; x_wconf 86' lang='lat' dir='ltr'>fastos.</span> <span class='ocrx_word' id='word_1_12' title='bbox 2508 919 2564 983; x_wconf 91' lang='lat' dir='ltr'>si</span> <span class='ocrx_word' id='word_1_13' title='bbox 2608 920 2742 985; x_wconf 85' lang='lat' dir='ltr'>fors</span> <span class='ocrx_word' id='word_1_14' title='bbox 2786 922 2985 1005; x_wconf 91' lang='lat' dir='ltr'>volet,</span> <span class='ocrx_word' id='word_1_15' title='bbox 3041 923 3210 988; x_wconf 91' lang='lat' dir='ltr'>ultra</span> 
     </span>
     <span class='ocr_line' id='line_1_5' title="bbox 1608 1019 2988 1104; baseline 0.004 -21"><span class='ocrx_word' id='word_1_16' title='bbox 1608 1019 1924 1084; x_wconf 76' lang='lat' dir='ltr'><strong>adiciam:</strong></span> <span class='ocrx_word' id='word_1_17' title='bbox 1980 1020 2035 1086; x_wconf 89' lang='lat' dir='ltr'>si</span> <span class='ocrx_word' id='word_1_18' title='bbox 2080 1042 2243 1101; x_wconf 92' lang='lat' dir='ltr'>non,</span> <span class='ocrx_word' id='word_1_19' title='bbox 2295 1021 2408 1104; x_wconf 90' lang='lat' dir='ltr'>qui</span> <span class='ocrx_word' id='word_1_20' title='bbox 2460 1022 2665 1104; x_wconf 84' lang='lat' dir='ltr'>legis,</span> <span class='ocrx_word' id='word_1_21' title='bbox 2718 1023 2988 1090; x_wconf 80' lang='lat' dir='ltr'>adicies.</span> 
     </span>
    </p>

    <p class='ocr_par' dir='ltr' id='par_1_5' title="bbox 1437 1122 3550 1309">
     <span class='ocr_line' id='line_1_6' title="bbox 1437 1122 3550 1210; baseline 0.004 -25"><span class='ocrx_word' id='word_1_22' title='bbox 1437 1122 1600 1187; x_wconf 89' lang='lat' dir='ltr'>scire</span> <span class='ocrx_word' id='word_1_23' title='bbox 1647 1123 1862 1207; x_wconf 90' lang='lat' dir='ltr'>cupis,</span> <span class='ocrx_word' id='word_1_24' title='bbox 1913 1123 2025 1206; x_wconf 89' lang='lat' dir='ltr'>qui</span> <span class='ocrx_word' id='word_1_25' title='bbox 2073 1124 2237 1188; x_wconf 71' lang='lat' dir='ltr'>sim?</span> <span class='ocrx_word' id='word_1_26' title='bbox 2298 1124 2592 1206; x_wconf 89' lang='lat' dir='ltr'>titulum,</span> <span class='ocrx_word' id='word_1_27' title='bbox 2646 1127 2755 1208; x_wconf 91' lang='lat' dir='ltr'>qui</span> <span class='ocrx_word' id='word_1_28' title='bbox 2802 1134 3069 1209; x_wconf 89' lang='lat' dir='ltr'>quartus</span> <span class='ocrx_word' id='word_1_29' title='bbox 3113 1128 3196 1193; x_wconf 90' lang='lat' dir='ltr'>ab</span> <span class='ocrx_word' id='word_1_30' title='bbox 3244 1129 3370 1192; x_wconf 91' lang='lat' dir='ltr'>imo</span> <span class='ocrx_word' id='word_1_31' title='bbox 3416 1138 3550 1210; x_wconf 89' lang='lat' dir='ltr'>est,</span> 
     </span>
     <span class='ocr_line' id='line_1_7' title="bbox 1608 1226 3065 1309; baseline 0.003 -19"><span class='ocrx_word' id='word_1_32' title='bbox 1608 1244 1885 1307; x_wconf 87' lang='lat' dir='ltr'>quaere:</span> <span class='ocrx_word' id='word_1_33' title='bbox 1939 1226 2121 1309; x_wconf 86' lang='lat' dir='ltr'>leges</span> <span class='ocrx_word' id='word_1_34' title='bbox 2165 1246 2399 1292; x_wconf 92' lang='lat' dir='ltr'>nomen</span> <span class='ocrx_word' id='word_1_35' title='bbox 2444 1227 2728 1294; x_wconf 88' lang='lat' dir='ltr'>consulis</span> <span class='ocrx_word' id='word_1_36' title='bbox 2771 1230 3065 1295; x_wconf 88' lang='lat' dir='ltr'>Ausonii.</span> 
     </span>
    </p>
   </div>
   <div class='ocr_carea' id='block_1_5' title="bbox 2072 1483 2673 1551">
    <p class='ocr_par' dir='ltr' id='par_1_6' title="bbox 2072 1483 2673 1551">
     <span class='ocr_line' id='line_1_8' title="bbox 2072 1483 2673 1551; baseline 0.002 -2"><span class='ocrx_word' id='word_1_37' title='bbox 2072 1483 2141 1549; x_wconf 82' lang='lat'>4.</span> <span class='ocrx_word' id='word_1_38' title='bbox 2190 1485 2307 1549; x_wconf 93' lang='lat' dir='ltr'>DE</span> <span class='ocrx_word' id='word_1_39' title='bbox 2353 1483 2673 1551; x_wconf 85' lang='lat' dir='ltr'><strong>EODEM.</strong></span> 
     </span>
    </p>
   </div>
   <div class='ocr_carea' id='block_1_6' title="bbox 1299 1655 3240 2259">
    <p class='ocr_par' dir='ltr' id='par_1_7' title="bbox 1299 1655 3240 2259">
     <span class='ocr_line' id='line_1_9' title="bbox 1434 1655 3005 1742; baseline 0.002 -20"><span class='ocrx_word' id='word_1_40' title='bbox 1434 1655 1624 1722; x_wconf 87' lang='lat' dir='ltr'>Vrbis</span> <span class='ocrx_word' id='word_1_41' title='bbox 1672 1657 1755 1721; x_wconf 92' lang='lat' dir='ltr'>ab</span> <span class='ocrx_word' id='word_1_42' title='bbox 1801 1663 2104 1722; x_wconf 87' lang='lat' dir='ltr'>aeternae</span> <span class='ocrx_word' id='word_1_43' title='bbox 2151 1656 2493 1723; x_wconf 86' lang='lat' dir='ltr'>deductam</span> <span class='ocrx_word' id='word_1_44' title='bbox 2540 1678 2694 1742; x_wconf 85' lang='lat' dir='ltr'>rege</span> <span class='ocrx_word' id='word_1_45' title='bbox 2739 1658 3005 1738; x_wconf 84' lang='lat' dir='ltr'>Quirino</span> 
     </span>
     <span class='ocr_line' id='line_1_10' title="bbox 1412 1750 3153 1847; baseline 0.003 -24"><span class='ocrx_word' id='word_1_46' title='bbox 1412 1750 1417 1757; x_wconf 76' lang='grc'><strong>’</strong></span> <span class='ocrx_word' id='word_1_47' title='bbox 1611 1779 1923 1824; x_wconf 87' lang='lat' dir='ltr'>annorum</span> <span class='ocrx_word' id='word_1_48' title='bbox 1970 1758 2201 1825; x_wconf 90' lang='lat' dir='ltr'>seriem</span> <span class='ocrx_word' id='word_1_49' title='bbox 2248 1780 2427 1838; x_wconf 88' lang='lat' dir='ltr'>cum,</span> <span class='ocrx_word' id='word_1_50' title='bbox 2481 1760 2783 1845; x_wconf 89' lang='lat' dir='ltr'>Procule,</span> <span class='ocrx_word' id='word_1_51' title='bbox 2837 1762 3153 1847; x_wconf 82' lang='lat' dir='ltr'>accipies,</span> 
     </span>
     <span class='ocr_line' id='line_1_11' title="bbox 1434 1861 3184 1946; baseline 0.003 -21"><span class='ocrx_word' id='word_1_52' title='bbox 1434 1861 1613 1926; x_wconf 91' lang='lat' dir='ltr'>mille</span> <span class='ocrx_word' id='word_1_53' title='bbox 1659 1882 1861 1928; x_wconf 87' lang='lat' dir='ltr'>annos</span> <span class='ocrx_word' id='word_1_54' title='bbox 1908 1869 2289 1946; x_wconf 81' lang='lat' dir='ltr'>centumque</span> <span class='ocrx_word' id='word_1_55' title='bbox 2337 1871 2403 1928; x_wconf 89' lang='lat' dir='ltr'>et</span> <span class='ocrx_word' id='word_1_56' title='bbox 2445 1863 2545 1928; x_wconf 91' lang='lat' dir='ltr'>bis</span> <span class='ocrx_word' id='word_1_57' title='bbox 2591 1863 2854 1930; x_wconf 86' lang='lat' dir='ltr'>fluxisse</span> <span class='ocrx_word' id='word_1_58' title='bbox 2900 1886 3184 1931; x_wconf 86' lang='lat' dir='ltr'>novenos</span> 
     </span>
     <span class='ocr_line' id='line_1_12' title="bbox 1606 1964 3118 2052; baseline 0.001 -24"><span class='ocrx_word' id='word_1_59' title='bbox 1606 1964 1891 2030; x_wconf 90' lang='lat' dir='ltr'>consulis</span> <span class='ocrx_word' id='word_1_60' title='bbox 1936 1965 2207 2030; x_wconf 90' lang='lat' dir='ltr'>Ausonii</span> <span class='ocrx_word' id='word_1_61' title='bbox 2251 1985 2483 2031; x_wconf 93' lang='lat' dir='ltr'>nomen</span> <span class='ocrx_word' id='word_1_62' title='bbox 2531 1967 2617 2033; x_wconf 90' lang='lat' dir='ltr'>ad</span> <span class='ocrx_word' id='word_1_63' title='bbox 2661 1986 2866 2051; x_wconf 90' lang='lat' dir='ltr'>usque</span> <span class='ocrx_word' id='word_1_64' title='bbox 2913 1968 3118 2052; x_wconf 86' lang='lat' dir='ltr'>leges.</span> 
     </span>
     <span class='ocr_line' id='line_1_13' title="bbox 1299 2067 3240 2151; baseline 0.004 -21"><span class='ocrx_word' id='word_1_65' title='bbox 1299 2081 1326 2120; x_wconf 74' lang='lat'>⁵</span> <span class='ocrx_word' id='word_1_66' title='bbox 1432 2067 1564 2131; x_wconf 89' lang='lat' dir='ltr'>fors</span> <span class='ocrx_word' id='word_1_67' title='bbox 1611 2068 1762 2143; x_wconf 88' lang='lat' dir='ltr'>erit,</span> <span class='ocrx_word' id='word_1_68' title='bbox 1817 2075 1916 2149; x_wconf 89' lang='lat' dir='ltr'>nt,</span> <span class='ocrx_word' id='word_1_69' title='bbox 1971 2069 2241 2134; x_wconf 89' lang='lat' dir='ltr'>lustrum</span> <span class='ocrx_word' id='word_1_70' title='bbox 2289 2090 2432 2135; x_wconf 92' lang='lat' dir='ltr'>cum</span> <span class='ocrx_word' id='word_1_71' title='bbox 2481 2089 2551 2135; x_wconf 91' lang='lat' dir='ltr'>se</span> <span class='ocrx_word' id='word_1_72' title='bbox 2599 2071 3023 2139; x_wconf 86' lang='lat' dir='ltr'>cumulaverit</span> <span class='ocrx_word' id='word_1_73' title='bbox 3065 2072 3240 2151; x_wconf 83' lang='lat' dir='ltr'>istis,</span> 
     </span>
     <span class='ocr_line' id='line_1_14' title="bbox 1607 2172 3079 2259; baseline 0.003 -22"><span class='ocrx_word' id='word_1_74' title='bbox 1607 2172 1959 2238; x_wconf 84' lang='lat' dir='ltr'>consectam</span> <span class='ocrx_word' id='word_1_75' title='bbox 2005 2173 2315 2239; x_wconf 90' lang='lat' dir='ltr'>Proculus</span> <span class='ocrx_word' id='word_1_76' title='bbox 2362 2173 2576 2256; x_wconf 86' lang='lat' dir='ltr'>signet</span> <span class='ocrx_word' id='word_1_77' title='bbox 2619 2174 3079 2259; x_wconf 88' lang='lat' dir='ltr'>olympiadem.</span> 
     </span>
    </p>
   </div>
   <div class='ocr_carea' id='block_1_7' title="bbox 1411 2750 3365 2853">
    <p class='ocr_par' dir='ltr' id='par_1_8' title="bbox 1411 2750 3365 2853">
     <span class='ocr_line' id='line_1_15' title="bbox 1411 2750 3365 2853; baseline 0.002 -5"><span class='ocrx_word' id='word_1_78' title='bbox 1411 2750 1729 2849; x_wconf 87' lang='lat' dir='ltr'><strong>XXIII.</strong></span> <span class='ocrx_word' id='word_1_79' title='bbox 1797 2750 2363 2850; x_wconf 82' lang='lat' dir='ltr'><strong>AVSONIVS</strong></span> <span class='ocrx_word' id='word_1_80' title='bbox 2427 2752 2984 2851; x_wconf 88' lang='lat' dir='ltr'><strong>DREPANIO</strong></span> <span class='ocrx_word' id='word_1_81' title='bbox 3050 2752 3365 2853; x_wconf 87' lang='lat' dir='ltr'><strong>FILIO.</strong></span> 
     </span>
    </p>
   </div>
   <div class='ocr_carea' id='block_1_8' title="bbox 1466 2965 3111 4496">
    <p class='ocr_par' dir='ltr' id='par_1_9' title="bbox 1636 2965 3035 3258">
     <span class='ocr_line' id='line_1_16' title="bbox 1647 2965 3035 3051; baseline 0 -19"><span class='ocrx_word' id='word_1_82' title='bbox 1647 2965 1805 3032; x_wconf 88' lang='lat' dir='ltr'>‘Cui</span> <span class='ocrx_word' id='word_1_83' title='bbox 1851 2965 2015 3031; x_wconf 93' lang='lat' dir='ltr'>dono</span> <span class='ocrx_word' id='word_1_84' title='bbox 2062 2965 2352 3051; x_wconf 90' lang='lat' dir='ltr'>lepidum</span> <span class='ocrx_word' id='word_1_85' title='bbox 2399 2987 2630 3032; x_wconf 85' lang='lat' dir='ltr'>novum</span> <span class='ocrx_word' id='word_1_86' title='bbox 2678 2967 2966 3033; x_wconf 89' lang='lat' dir='ltr'>libellum</span> <span class='ocrx_word' id='word_1_87' title='bbox 2983 2970 3035 3032; x_wconf 70' lang='lat'>‘3’</span> 
     </span>
     <span class='ocr_line' id='line_1_17' title="bbox 1639 3068 2778 3154; baseline 0.001 -20"><span class='ocrx_word' id='word_1_88' title='bbox 1639 3069 2030 3134; x_wconf 90' lang='lat' dir='ltr'>Veronensis</span> <span class='ocrx_word' id='word_1_89' title='bbox 2074 3068 2410 3154; x_wconf 88' lang='lat' dir='ltr'>aitpoeta</span> <span class='ocrx_word' id='word_1_90' title='bbox 2454 3070 2778 3152; x_wconf 89' lang='lat' dir='ltr'>quondam</span> 
     </span>
     <span class='ocr_line' id='line_1_18' title="bbox 1636 3171 2816 3258; baseline 0.001 -20"><span class='ocrx_word' id='word_1_91' title='bbox 1636 3171 2025 3255; x_wconf 87' lang='lat' dir='ltr'>inventoque</span> <span class='ocrx_word' id='word_1_92' title='bbox 2071 3171 2251 3239; x_wconf 89' lang='lat' dir='ltr'>dedit</span> <span class='ocrx_word' id='word_1_93' title='bbox 2295 3172 2511 3239; x_wconf 87' lang='lat' dir='ltr'>statim</span> <span class='ocrx_word' id='word_1_94' title='bbox 2556 3172 2816 3258; x_wconf 88' lang='lat' dir='ltr'>Nepoti.</span> 
     </span>
    </p>

    <p class='ocr_par' dir='ltr' id='par_1_10' title="bbox 1636 3276 2941 3367">
     <span class='ocr_line' id='line_1_19' title="bbox 1636 3276 2941 3367; baseline 0.001 -26"><span class='ocrx_word' id='word_1_95' title='bbox 1636 3282 1704 3342; x_wconf 89' lang='lat' dir='ltr'>at</span> <span class='ocrx_word' id='word_1_96' title='bbox 1736 3295 1863 3367; x_wconf 10' lang='lat' dir='ltr'>*nos</span> <span class='ocrx_word' id='word_1_97' title='bbox 1908 3276 2296 3361; x_wconf 90' lang='lat' dir='ltr'>inlepidum,</span> <span class='ocrx_word' id='word_1_98' title='bbox 2352 3277 2573 3342; x_wconf 89' lang='lat' dir='ltr'>rudem</span> <span class='ocrx_word' id='word_1_99' title='bbox 2620 3277 2941 3360; x_wconf 88' lang='lat' dir='ltr'>libellum,</span> 
     </span>
    </p>

    <p class='ocr_par' dir='ltr' id='par_1_11' title="bbox 1505 3379 3111 3878">
     <span class='ocr_line' id='line_1_20' title="bbox 1505 3379 2781 3466; baseline -0.002 -18"><span class='ocrx_word' id='word_1_100' title='bbox 1505 3411 1529 3448; x_wconf 83' lang='lat'>5</span> <span class='ocrx_word' id='word_1_101' title='bbox 1637 3380 1866 3444; x_wconf 87' lang='lat' dir='ltr'>burras</span> <span class='ocrx_word' id='word_1_102' title='bbox 1911 3379 2292 3463; x_wconf 88' lang='lat' dir='ltr'>quisquilias</span> <span class='ocrx_word' id='word_1_103' title='bbox 2339 3379 2781 3466; x_wconf 87' lang='lat' dir='ltr'>ineptiasque,</span> 
     </span>
     <span class='ocr_line' id='line_1_21' title="bbox 1638 3479 2850 3567; baseline 0 -18"><span class='ocrx_word' id='word_1_104' title='bbox 1638 3484 1971 3549; x_wconf 89' lang='lat' dir='ltr'>credemus</span> <span class='ocrx_word' id='word_1_105' title='bbox 2018 3483 2264 3567; x_wconf 86' lang='lat' dir='ltr'>gremio</span> <span class='ocrx_word' id='word_1_106' title='bbox 2309 3479 2426 3549; x_wconf 52' lang='lat' dir='ltr'>cui*</span> <span class='ocrx_word' id='word_1_107' title='bbox 2460 3484 2805 3550; x_wconf 86' lang='lat' dir='ltr'>fovendum</span> <span class='ocrx_word' id='word_1_108' title='bbox 2821 3491 2850 3549; x_wconf 60' lang='lat'>⁹?</span> 
     </span>
     <span class='ocr_line' id='line_1_22' title="bbox 1637 3586 2769 3672; baseline 0.003 -22"><span class='ocrx_word' id='word_1_109' title='bbox 1637 3587 1895 3670; x_wconf 83' lang='lat' dir='ltr'>inveni,</span> <span class='ocrx_word' id='word_1_110' title='bbox 1947 3586 2241 3672; x_wconf 88' lang='lat' dir='ltr'>trepidae</span> <span class='ocrx_word' id='word_1_111' title='bbox 2288 3586 2477 3653; x_wconf 89' lang='lat' dir='ltr'>silete</span> <span class='ocrx_word' id='word_1_112' title='bbox 2524 3608 2769 3672; x_wconf 85' lang='lat' dir='ltr'>nugae,</span> 
     </span>
     <span class='ocr_line' id='line_1_23' title="bbox 1636 3689 3111 3774; baseline 0.002 -20"><span class='ocrx_word' id='word_1_113' title='bbox 1636 3710 1756 3755; x_wconf 90' lang='lat' dir='ltr'>nec</span> <span class='ocrx_word' id='word_1_114' title='bbox 1802 3689 2058 3755; x_wconf 90' lang='lat' dir='ltr'>doctum</span> <span class='ocrx_word' id='word_1_115' title='bbox 2106 3690 2319 3754; x_wconf 87' lang='lat' dir='ltr'>minus</span> <span class='ocrx_word' id='word_1_116' title='bbox 2365 3696 2429 3755; x_wconf 91' lang='lat' dir='ltr'>et</span> <span class='ocrx_word' id='word_1_117' title='bbox 2471 3692 2680 3774; x_wconf 86' lang='lat' dir='ltr'>magis</span> <span class='ocrx_word' id='word_1_118' title='bbox 2725 3691 3111 3774; x_wconf 84' lang='lat' dir='ltr'>benignum,</span> 
     </span>
     <span class='ocr_line' id='line_1_24' title="bbox 1635 3792 2992 3878; baseline 0.001 -20"><span class='ocrx_word' id='word_1_119' title='bbox 1635 3814 1827 3876; x_wconf 87' lang='lat' dir='ltr'>quam</span> <span class='ocrx_word' id='word_1_120' title='bbox 1871 3814 2063 3876; x_wconf 89' lang='lat' dir='ltr'>quem</span> <span class='ocrx_word' id='word_1_121' title='bbox 2111 3792 2332 3858; x_wconf 81' lang='lat' dir='ltr'>Gallia</span> <span class='ocrx_word' id='word_1_122' title='bbox 2375 3794 2672 3878; x_wconf 84' lang='lat' dir='ltr'>praebuit</span> <span class='ocrx_word' id='word_1_123' title='bbox 2717 3794 2992 3861; x_wconf 76' lang='lat' dir='ltr'>Catullo,</span> 
     </span>
    </p>

    <p class='ocr_par' dir='ltr' id='par_1_12' title="bbox 1469 3895 3028 4394">
     <span class='ocr_line' id='line_1_25' title="bbox 1469 3895 2832 3978; baseline -0.002 -12"><span class='ocrx_word' id='word_1_124' title='bbox 1469 3926 1526 3966; x_wconf 76' lang='grc' dir='ltr'>ιο</span> <span class='ocrx_word' id='word_1_125' title='bbox 1634 3897 1755 3962; x_wconf 89' lang='lat' dir='ltr'>hoc</span> <span class='ocrx_word' id='word_1_126' title='bbox 1799 3897 2015 3960; x_wconf 89' lang='lat' dir='ltr'>nullus</span> <span class='ocrx_word' id='word_1_127' title='bbox 2060 3895 2218 3961; x_wconf 90' lang='lat' dir='ltr'>mihi</span> <span class='ocrx_word' id='word_1_128' title='bbox 2265 3896 2473 3961; x_wconf 85' lang='lat' dir='ltr'>carior</span> <span class='ocrx_word' id='word_1_129' title='bbox 2516 3918 2832 3978; x_wconf 89' lang='lat' dir='ltr'>meorum,</span> 
     </span>
     <span class='ocr_line' id='line_1_26' title="bbox 1633 3999 2969 4084; baseline 0.001 -19"><span class='ocrx_word' id='word_1_130' title='bbox 1633 4020 1824 4083; x_wconf 90' lang='lat' dir='ltr'>quem</span> <span class='ocrx_word' id='word_1_131' title='bbox 1870 3999 2073 4084; x_wconf 87' lang='lat' dir='ltr'>pluris</span> <span class='ocrx_word' id='word_1_132' title='bbox 2117 3999 2366 4064; x_wconf 85' lang='lat' dir='ltr'>faciunt</span> <span class='ocrx_word' id='word_1_133' title='bbox 2409 4021 2640 4066; x_wconf 87' lang='lat' dir='ltr'>novem</span> <span class='ocrx_word' id='word_1_134' title='bbox 2689 4020 2969 4082; x_wconf 76' lang='lat' dir='ltr'>sorores,</span> 
     </span>
     <span class='ocr_line' id='line_1_27' title="bbox 1634 4103 3028 4189; baseline 0.001 -21"><span class='ocrx_word' id='word_1_135' title='bbox 1634 4123 1828 4185; x_wconf 90' lang='lat' dir='ltr'>quam</span> <span class='ocrx_word' id='word_1_136' title='bbox 1874 4108 2135 4168; x_wconf 89' lang='lat' dir='ltr'>cunctos</span> <span class='ocrx_word' id='word_1_137' title='bbox 2181 4103 2384 4182; x_wconf 91' lang='lat' dir='ltr'>alios,</span> <span class='ocrx_word' id='word_1_138' title='bbox 2437 4103 2700 4169; x_wconf 87' lang='lat' dir='ltr'>Marone</span> <span class='ocrx_word' id='word_1_139' title='bbox 2748 4104 3028 4189; x_wconf 86' lang='lat' dir='ltr'>dempto.</span> 
     </span>
     <span class='ocr_line' id='line_1_28' title="bbox 1634 4206 2957 4292; baseline 0.002 -22"><span class='ocrx_word' id='word_1_140' title='bbox 1634 4207 1939 4271; x_wconf 90' lang='lat' dir='ltr'>Pacatum</span> <span class='ocrx_word' id='word_1_141' title='bbox 1985 4206 2145 4271; x_wconf 87' lang='lat' dir='ltr'>haut</span> <span class='ocrx_word' id='word_1_142' title='bbox 2191 4206 2422 4288; x_wconf 87' lang='lat' dir='ltr'>dubie,</span> <span class='ocrx_word' id='word_1_143' title='bbox 2474 4214 2696 4292; x_wconf 91' lang='lat' dir='ltr'>poeta,</span> <span class='ocrx_word' id='word_1_144' title='bbox 2751 4207 2957 4272; x_wconf 67' lang='lat' dir='ltr'>dicis?</span> 
     </span>
     <span class='ocr_line' id='line_1_29' title="bbox 1631 4308 2966 4394; baseline -0.001 -19"><span class='ocrx_word' id='word_1_145' title='bbox 1631 4310 1774 4394; x_wconf 91' lang='lat' dir='ltr'>ipse</span> <span class='ocrx_word' id='word_1_146' title='bbox 1822 4315 1940 4375; x_wconf 88' lang='lat' dir='ltr'>est.</span> <span class='ocrx_word' id='word_1_147' title='bbox 2036 4308 2358 4394; x_wconf 89' lang='lat' dir='ltr'>intrepide</span> <span class='ocrx_word' id='word_1_148' title='bbox 2404 4310 2652 4389; x_wconf 84' lang='lat' dir='ltr'>volate,</span> <span class='ocrx_word' id='word_1_149' title='bbox 2705 4331 2966 4393; x_wconf 77' lang='lat' dir='ltr'>versuS,</span> 
     </span>
    </p>

    <p class='ocr_par' dir='ltr' id='par_1_13' title="bbox 1466 4411 2831 4496">
     <span class='ocr_line' id='line_1_30' title="bbox 1466 4411 2831 4496; baseline 0 -18"><span class='ocrx_word' id='word_1_150' title='bbox 1466 4445 1523 4484; x_wconf 67' lang='grc' dir='ltr'>ις,</span> <span class='ocrx_word' id='word_1_151' title='bbox 1632 4421 1696 4478; x_wconf 90' lang='lat' dir='ltr'>et</span> <span class='ocrx_word' id='word_1_152' title='bbox 1741 4411 1962 4477; x_wconf 88' lang='lat' dir='ltr'>nidum</span> <span class='ocrx_word' id='word_1_153' title='bbox 2010 4413 2078 4478; x_wconf 91' lang='lat' dir='ltr'>in</span> <span class='ocrx_word' id='word_1_154' title='bbox 2122 4413 2367 4496; x_wconf 86' lang='lat' dir='ltr'>gremio</span> <span class='ocrx_word' id='word_1_155' title='bbox 2415 4412 2628 4479; x_wconf 86' lang='lat' dir='ltr'>fovete</span> <span class='ocrx_word' id='word_1_156' title='bbox 2674 4420 2831 4479; x_wconf 88' lang='lat' dir='ltr'>tuto.</span> 
     </span>
    </p>
   </div>
   <div class='ocr_carea' id='block_1_9' title="bbox 922 4691 3390 4842">
    <p class='ocr_par' dir='ltr' id='par_1_14' title="bbox 922 4691 3390 4842">
     <span class='ocr_line' id='line_1_31' title="bbox 922 4691 2361 4755; baseline -0.002 -13"><span class='ocrx_word' id='word_1_157' title='bbox 922 4695 1095 4743; x_wconf 88' lang='lat' dir='ltr'><strong>XXII.</strong></span> <span class='ocrx_word' id='word_1_158' title='bbox 1136 4691 1196 4745; x_wconf 76' lang='grc'>3.</span> <span class='ocrx_word' id='word_1_159' title='bbox 1269 4695 1299 4744; x_wconf 91' lang='grc'><strong>3</strong></span> <span class='ocrx_word' id='word_1_160' title='bbox 1338 4695 1483 4744; x_wconf 79' lang='lat' dir='ltr'>Mart.</span> <span class='ocrx_word' id='word_1_161' title='bbox 1524 4695 1598 4742; x_wconf 88' lang='lat' dir='ltr'><strong>XI</strong></span> <span class='ocrx_word' id='word_1_162' title='bbox 1638 4692 1687 4755; x_wconf 88' lang='lat'>8,</span> <span class='ocrx_word' id='word_1_163' title='bbox 1736 4691 1794 4741; x_wconf 86' lang='lat'>13</span> <span class='ocrx_word' id='word_1_164' title='bbox 1832 4694 1960 4741; x_wconf 83' lang='lat' dir='ltr'>scire</span> <span class='ocrx_word' id='word_1_165' title='bbox 1996 4693 2142 4755; x_wconf 81' lang='lat' dir='ltr'>cupis</span> <span class='ocrx_word' id='word_1_166' title='bbox 2181 4705 2361 4740; x_wconf 89' lang='lat' dir='ltr'>nomen</span> 
     </span>
     <span class='ocr_line' id='line_1_32' title="bbox 923 4778 3390 4842; baseline -0 -13"><span class='ocrx_word' id='word_1_167' title='bbox 923 4781 1125 4831; x_wconf 85' lang='lat' dir='ltr'><strong>XXIII.</strong></span> <span class='ocrx_word' id='word_1_168' title='bbox 1201 4780 1224 4830; x_wconf 90' lang='lat'>1</span> <span class='ocrx_word' id='word_1_169' title='bbox 1270 4781 1459 4830; x_wconf 75' lang='lat' dir='ltr'>Catuli.</span> <span class='ocrx_word' id='word_1_170' title='bbox 1497 4782 1521 4828; x_wconf 92' lang='lat'>1</span> <span class='ocrx_word' id='word_1_171' title='bbox 1563 4780 1723 4841; x_wconf 84' lang='lat' dir='ltr'>lsqq.</span> <span class='ocrx_word' id='word_1_172' title='bbox 1766 4778 1893 4838; x_wconf 85' lang='lat' dir='ltr'>Quoi</span> <span class='ocrx_word' id='word_1_173' title='bbox 1930 4780 2058 4828; x_wconf 88' lang='lat' dir='ltr'>dono</span> <span class='ocrx_word' id='word_1_174' title='bbox 2100 4779 2325 4842; x_wconf 85' lang='lat' dir='ltr'>lepidum</span> <span class='ocrx_word' id='word_1_175' title='bbox 2375 4793 2559 4827; x_wconf 86' lang='lat' dir='ltr'>novum</span> <span class='ocrx_word' id='word_1_176' title='bbox 2607 4780 2835 4828; x_wconf 88' lang='lat' dir='ltr'>libellum</span> <span class='ocrx_word' id='word_1_177' title='bbox 2876 4816 2887 4826; x_wconf 87' lang='lat'><strong>.</strong></span> <span class='ocrx_word' id='word_1_178' title='bbox 2921 4817 2933 4828; x_wconf 90' lang='lat'><strong>.</strong></span> <span class='ocrx_word' id='word_1_179' title='bbox 2969 4816 2980 4827; x_wconf 93' lang='lat'><strong>.</strong></span> <span class='ocrx_word' id='word_1_180' title='bbox 3023 4780 3252 4840; x_wconf 86' lang='lat' dir='ltr'>Corneli,</span> <span class='ocrx_word' id='word_1_181' title='bbox 3293 4782 3390 4828; x_wconf 83' lang='lat' dir='ltr'>tibi</span> 
     </span>
    </p>
   </div>
   <div class='ocr_carea' id='block_1_10' title="bbox 750 4866 1332 4929">
    <p class='ocr_par' dir='ltr' id='par_1_15' title="bbox 750 4866 1332 4929">
     <span class='ocr_line' id='line_1_33' title="bbox 750 4866 1332 4929; baseline 0.003 -13"><span class='ocrx_word' id='word_1_182' title='bbox 750 4866 799 4929; x_wconf 89' lang='grc'>3,</span> <span class='ocrx_word' id='word_1_183' title='bbox 848 4867 905 4916; x_wconf 83' lang='lat'>11</span> <span class='ocrx_word' id='word_1_184' title='bbox 949 4868 1192 4917; x_wconf 75' lang='lat' dir='ltr'>aetherias</span> <span class='ocrx_word' id='word_1_185' title='bbox 1229 4903 1243 4918; x_wconf 95' lang='lat'><strong>.</strong></span> <span class='ocrx_word' id='word_1_186' title='bbox 1274 4905 1287 4918; x_wconf 92' lang='lat'><strong>.</strong></span> <span class='ocrx_word' id='word_1_187' title='bbox 1319 4904 1332 4918; x_wconf 91' lang='lat'><strong>.</strong></span> 
     </span>
    </p>
   </div>
   <div class='ocr_carea' id='block_1_11' title="bbox 927 5124 3532 5188">
    <p class='ocr_par' dir='ltr' id='par_1_16' title="bbox 927 5124 3532 5188">
     <span class='ocr_line' id='line_1_34' title="bbox 927 5124 3532 5188; baseline -0.003 -10"><span class='ocrx_word' id='word_1_188' title='bbox 927 5124 987 5179; x_wconf 77' lang='grc'>3.</span> <span class='ocrx_word' id='word_1_189' title='bbox 1057 5129 1301 5177; x_wconf 82' lang='lat' dir='ltr'>Additum</span> <span class='ocrx_word' id='word_1_190' title='bbox 1338 5130 1393 5177; x_wconf 88' lang='lat' dir='ltr'>in</span> <span class='ocrx_word' id='word_1_191' title='bbox 1430 5129 1531 5175; x_wconf 82' lang='lat' dir='ltr'>flue</span> <span class='ocrx_word' id='word_1_192' title='bbox 1568 5128 1810 5175; x_wconf 73' lang='lat' dir='ltr'>fastorum</span> <span class='ocrx_word' id='word_1_193' title='bbox 1846 5143 1893 5188; x_wconf 83' lang='lat' dir='ltr'>v,</span> <span class='ocrx_word' id='word_1_194' title='bbox 1937 5127 1994 5173; x_wconf 88' lang='lat' dir='ltr'>In</span> <span class='ocrx_word' id='word_1_195' title='bbox 2032 5127 2133 5173; x_wconf 78' lang='lat' dir='ltr'>fine</span> <span class='ocrx_word' id='word_1_196' title='bbox 2171 5125 2397 5174; x_wconf 80' lang='lat' dir='ltr'>eiusdem</span> <span class='ocrx_word' id='word_1_197' title='bbox 2437 5126 2551 5173; x_wconf 84' lang='lat' dir='ltr'>libri</span> <span class='ocrx_word' id='word_1_198' title='bbox 2589 5124 2753 5174; x_wconf 78' lang='lat' dir='ltr'>additi</span> <span class='ocrx_word' id='word_1_199' title='bbox 2792 5124 2849 5171; x_wconf 81' lang='lat' dir='ltr'><em>M</em></span> <span class='ocrx_word' id='word_1_200' title='bbox 2879 5131 2995 5187; x_wconf 60' lang='lat' dir='ltr'>eet„</span> <span class='ocrx_word' id='word_1_201' title='bbox 3032 5125 3236 5173; x_wconf 79' lang='lat' dir='ltr'>nullum</span> <span class='ocrx_word' id='word_1_202' title='bbox 3271 5125 3448 5174; x_wconf 81' lang='lat' dir='ltr'>lemma</span> <span class='ocrx_word' id='word_1_203' title='bbox 3490 5125 3532 5171; x_wconf 77' lang='grc' dir='ltr'><em>Τ</em></span> 
     </span>
    </p>
   </div>
   <div class='ocr_carea' id='block_1_12' title="bbox 750 5214 4016 5362">
    <p class='ocr_par' dir='ltr' id='par_1_17' title="bbox 750 5214 4016 5362">
     <span class='ocr_line' id='line_1_35' title="bbox 750 5214 1360 5263; baseline 0 -2"><span class='ocrx_word' id='word_1_204' title='bbox 750 5216 795 5261; x_wconf 83' lang='lat' dir='ltr'>ci</span> <span class='ocrx_word' id='word_1_205' title='bbox 829 5230 877 5262; x_wconf 92' lang='lat' dir='ltr'>m</span> <span class='ocrx_word' id='word_1_206' title='bbox 919 5251 930 5263; x_wconf 92' lang='lat'><strong>.</strong></span> <span class='ocrx_word' id='word_1_207' title='bbox 962 5251 973 5263; x_wconf 92' lang='lat'><strong>.</strong></span> <span class='ocrx_word' id='word_1_208' title='bbox 1010 5251 1022 5263; x_wconf 91' lang='lat'><strong>.</strong></span> <span class='ocrx_word' id='word_1_209' title='bbox 1062 5215 1277 5263; x_wconf 78' lang='lat' dir='ltr'>addicies</span> <span class='ocrx_word' id='word_1_210' title='bbox 1319 5214 1360 5261; x_wconf 84' lang='lat' dir='ltr'><em>T</em></span> 
     </span>
     <span class='ocr_line' id='line_1_36' title="bbox 798 5230 4016 5362; baseline -0.001 -13"><span class='ocrx_word' id='word_1_211' title='bbox 798 5230 824 5277; x_wconf 52' lang='grc'><strong>4</strong></span> <span class='ocrx_word' id='word_1_212' title='bbox 923 5295 984 5349; x_wconf 80' lang='lat'>4·</span> <span class='ocrx_word' id='word_1_213' title='bbox 1058 5301 1135 5348; x_wconf 89' lang='lat' dir='ltr'>De</span> <span class='ocrx_word' id='word_1_214' title='bbox 1172 5301 1343 5349; x_wconf 90' lang='lat' dir='ltr'>eodem</span> <span class='ocrx_word' id='word_1_215' title='bbox 1376 5298 1482 5362; x_wconf 69' lang='lat' dir='ltr'>Mle,</span> <span class='ocrx_word' id='word_1_216' title='bbox 1527 5300 1602 5347; x_wconf 87' lang='lat' dir='ltr'>De</span> <span class='ocrx_word' id='word_1_217' title='bbox 1639 5300 1809 5346; x_wconf 89' lang='lat' dir='ltr'>eodem</span> <span class='ocrx_word' id='word_1_218' title='bbox 1848 5299 2091 5346; x_wconf 77' lang='lat' dir='ltr'>fastorum</span> <span class='ocrx_word' id='word_1_219' title='bbox 2130 5299 2258 5346; x_wconf 82' lang='lat' dir='ltr'>libro</span> <span class='ocrx_word' id='word_1_220' title='bbox 2294 5304 2409 5359; x_wconf 58' lang='lat' dir='ltr'>cet„</span> <span class='ocrx_word' id='word_1_221' title='bbox 2450 5300 2650 5346; x_wconf 77' lang='lat' dir='ltr'>nullum</span> <span class='ocrx_word' id='word_1_222' title='bbox 2675 5299 2853 5347; x_wconf 82' lang='lat' dir='ltr'>lemma</span> <span class='ocrx_word' id='word_1_223' title='bbox 2889 5298 2949 5362; x_wconf 80' lang='lat' dir='ltr'>T,</span> <span class='ocrx_word' id='word_1_224' title='bbox 2991 5299 3067 5346; x_wconf 87' lang='lat' dir='ltr'>De</span> <span class='ocrx_word' id='word_1_225' title='bbox 3105 5298 3277 5347; x_wconf 89' lang='lat' dir='ltr'>eodem</span> <span class='ocrx_word' id='word_1_226' title='bbox 3317 5299 3376 5346; x_wconf 73' lang='lat' dir='ltr'>ad</span> <span class='ocrx_word' id='word_1_227' title='bbox 3416 5297 3678 5346; x_wconf 84' lang='lat' dir='ltr'>Proculum</span> <span class='ocrx_word' id='word_1_228' title='bbox 3716 5298 3844 5349; x_wconf 77' lang='lat' dir='ltr'>Med.</span> <span class='ocrx_word' id='word_1_229' title='bbox 3876 5300 4016 5359; x_wconf 73' lang='lat' dir='ltr'>volyo</span> 
     </span>
    </p>
   </div>
   <div class='ocr_carea' id='block_1_13' title="bbox 748 5385 1129 5448">
    <p class='ocr_par' dir='ltr' id='par_1_18' title="bbox 748 5385 1129 5448">
     <span class='ocr_line' id='line_1_37' title="bbox 748 5385 1129 5448; baseline -0.008 -12"><span class='ocrx_word' id='word_1_230' title='bbox 748 5385 780 5436; x_wconf 85' lang='lat'><strong>2</strong></span> <span class='ocrx_word' id='word_1_231' title='bbox 818 5388 1033 5448; x_wconf 80' lang='lat' dir='ltr'>accipias</span> <span class='ocrx_word' id='word_1_232' title='bbox 1072 5385 1129 5433; x_wconf 83' lang='lat' dir='ltr'><em>M</em></span> 
     </span>
    </p>
   </div>
   <div class='ocr_carea' id='block_1_14' title="bbox 1333 5381 2742 5447">
    <p class='ocr_par' dir='ltr' id='par_1_19' title="bbox 1333 5381 2742 5447">
     <span class='ocr_line' id='line_1_38' title="bbox 1333 5381 2742 5447; baseline -0.002 -12"><span class='ocrx_word' id='word_1_233' title='bbox 1333 5387 1365 5436; x_wconf 83' lang='grc'><strong>6</strong></span> <span class='ocrx_word' id='word_1_234' title='bbox 1401 5384 1736 5447; x_wconf 78' lang='lat' dir='ltr'>olympiadam</span> <span class='ocrx_word' id='word_1_235' title='bbox 1774 5381 2087 5444; x_wconf 74' lang='lat' dir='ltr'>thupvv2;</span> <span class='ocrx_word' id='word_1_236' title='bbox 2128 5383 2195 5444; x_wconf 75' lang='lat' dir='ltr'>ef.</span> <span class='ocrx_word' id='word_1_237' title='bbox 2240 5385 2364 5432; x_wconf 79' lang='lat' dir='ltr'>XXI</span> <span class='ocrx_word' id='word_1_238' title='bbox 2403 5388 2448 5445; x_wconf 91' lang='lat'>1,</span> <span class='ocrx_word' id='word_1_239' title='bbox 2495 5386 2561 5431; x_wconf 70' lang='lat'>⁶22</span> <span class='ocrx_word' id='word_1_240' title='bbox 2596 5390 2642 5432; x_wconf 80' lang='lat' dir='ltr'>ct</span> <span class='ocrx_word' id='word_1_241' title='bbox 2681 5387 2742 5432; x_wconf 69' lang='lat'>27</span> 
     </span>
    </p>
   </div>
   <div class='ocr_carea' id='block_1_15' title="bbox 3934 941 4032 1089">
    <p class='ocr_par' dir='ltr' id='par_1_20' title="bbox 3934 941 4032 1089">
     <span class='ocr_line' id='line_1_39' title="bbox 3934 941 4032 991; baseline 0 0"><span class='ocrx_word' id='word_1_242' title='bbox 3934 941 4032 991; x_wconf 83' lang='lat'>150</span> 
     </span>
     <span class='ocr_line' id='line_1_40' title="bbox 3946 1030 4030 1089; baseline 0.048 -4"><span class='ocrx_word' id='word_1_243' title='bbox 3946 1030 4030 1089; x_wconf 72' lang='grc' dir='ltr'>(ω)</span> 
     </span>
    </p>
   </div>
   <div class='ocr_carea' id='block_1_16' title="bbox 3933 1682 4028 1731">
    <p class='ocr_par' dir='ltr' id='par_1_21' title="bbox 3933 1682 4028 1731">
     <span class='ocr_line' id='line_1_41' title="bbox 3933 1682 4028 1731; baseline -0.021 0"><span class='ocrx_word' id='word_1_244' title='bbox 3933 1682 4028 1731; x_wconf 77' lang='grc'>149</span> 
     </span>
    </p>
   </div>
   <div class='ocr_carea' id='block_1_17' title="bbox 3941 1769 4023 1830">
    <p class='ocr_par' dir='ltr' id='par_1_22' title="bbox 3941 1769 4023 1830">
     <span class='ocr_line' id='line_1_42' title="bbox 3941 1769 4023 1830; baseline 0.061 -5"><span class='ocrx_word' id='word_1_245' title='bbox 3941 1769 4023 1830; x_wconf 80' lang='grc' dir='ltr'>(ω)</span> 
     </span>
    </p>
   </div>
   <div class='ocr_carea' id='block_1_18' title="bbox 3920 2991 4015 3138">
    <p class='ocr_par' dir='ltr' id='par_1_23' title="bbox 3920 2991 4015 3138">
     <span class='ocr_line' id='line_1_43' title="bbox 3920 2991 4013 3040; baseline 0 0"><span class='ocrx_word' id='word_1_246' title='bbox 3920 2991 4013 3040; x_wconf 80' lang='lat'>471</span> 
     </span>
     <span class='ocr_line' id='line_1_44' title="bbox 3933 3078 4015 3138; baseline 0 0"><span class='ocrx_word' id='word_1_247' title='bbox 3933 3078 4015 3138; x_wconf 80' lang='lat' dir='ltr'>(V)</span> 
     </span>
    </p>
   </div>
   <div class='ocr_carea' id='block_1_19' title="bbox 1377 4781 4019 4930">
    <p class='ocr_par' dir='ltr' id='par_1_24' title="bbox 1377 4781 4019 4930">
     <span class='ocr_line' id='line_1_45' title="bbox 3604 4781 4019 4833; baseline -0.002 -3"><span class='ocrx_word' id='word_1_248' title='bbox 3604 4781 3666 4830; x_wconf 81' lang='lat'>14</span> <span class='ocrx_word' id='word_1_249' title='bbox 3691 4797 3714 4830; x_wconf 85' lang='lat' dir='ltr'>s</span> <span class='ocrx_word' id='word_1_250' title='bbox 3753 4820 3764 4831; x_wconf 91' lang='lat'><strong>.</strong></span> <span class='ocrx_word' id='word_1_251' title='bbox 3809 4782 3952 4833; x_wconf 74' lang='lat' dir='ltr'>Mart.</span> <span class='ocrx_word' id='word_1_252' title='bbox 3996 4783 4019 4829; x_wconf 91' lang='grc' dir='ltr'><strong>Ι</strong></span> 
     </span>
     <span class='ocr_line' id='line_1_46' title="bbox 1377 4796 3747 4930; baseline 0 -15"><span class='ocrx_word' id='word_1_253' title='bbox 1377 4868 1522 4929; x_wconf 83' lang='lat' dir='ltr'>cupis</span> <span class='ocrx_word' id='word_1_254' title='bbox 1560 4868 1766 4917; x_wconf 79' lang='lat' dir='ltr'>volitare</span> <span class='ocrx_word' id='word_1_255' title='bbox 1802 4880 1893 4928; x_wconf 87' lang='lat' dir='ltr'>per</span> <span class='ocrx_word' id='word_1_256' title='bbox 1925 4880 2072 4914; x_wconf 76' lang='lat' dir='ltr'>aum</span> <span class='ocrx_word' id='word_1_257' title='bbox 2113 4902 2124 4914; x_wconf 97' lang='lat'><strong>.</strong></span> <span class='ocrx_word' id='word_1_258' title='bbox 2159 4903 2170 4914; x_wconf 87' lang='lat'><strong>.</strong></span> <span class='ocrx_word' id='word_1_259' title='bbox 2204 4903 2215 4914; x_wconf 93' lang='lat'><strong>.</strong></span> <span class='ocrx_word' id='word_1_260' title='bbox 2260 4865 2346 4913; x_wconf 84' lang='lat' dir='ltr'>sed</span> <span class='ocrx_word' id='word_1_261' title='bbox 2384 4871 2582 4930; x_wconf 76' lang='lat' dir='ltr'>poteras</span> <span class='ocrx_word' id='word_1_262' title='bbox 2619 4866 2778 4914; x_wconf 79' lang='lat' dir='ltr'>tutior</span> <span class='ocrx_word' id='word_1_263' title='bbox 2811 4880 2922 4914; x_wconf 82' lang='lat' dir='ltr'>esse</span> <span class='ocrx_word' id='word_1_264' title='bbox 2960 4865 3124 4928; x_wconf 82' lang='lat' dir='ltr'>domi;</span> <span class='ocrx_word' id='word_1_265' title='bbox 3164 4866 3235 4926; x_wconf 80' lang='lat' dir='ltr'>cf.</span> <span class='ocrx_word' id='word_1_266' title='bbox 3279 4865 3428 4916; x_wconf 79' lang='lat' dir='ltr'>Mart.</span> <span class='ocrx_word' id='word_1_267' title='bbox 3471 4868 3564 4914; x_wconf 90' lang='lat'>111</span> <span class='ocrx_word' id='word_1_268' title='bbox 3600 4869 3648 4928; x_wconf 76' lang='lat'>2,</span> <span class='ocrx_word' id='word_1_269' title='bbox 3691 4796 3747 4915; x_wconf 73' lang='lat' dir='ltr'>6q</span> 
     </span>
    </p>
   </div>
   <div class='ocr_carea' id='block_1_20' title="bbox 3807 5126 4016 5176">
    <p class='ocr_par' dir='ltr' id='par_1_25' title="bbox 3807 5126 4016 5176">
     <span class='ocr_line' id='line_1_47' title="bbox 3807 5126 4016 5176; baseline -0.005 0"><span class='ocrx_word' id='word_1_270' title='bbox 3807 5126 3838 5176; x_wconf 88' lang='lat'><strong>2</strong></span> <span class='ocrx_word' id='word_1_271' title='bbox 3875 5128 4016 5176; x_wconf 73' lang='lat' dir='ltr'>addi-</span> 
     </span>
    </p>
   </div>
   <div class='ocr_carea' id='block_1_21' title="bbox 750 5452 4016 5620">
    <p class='ocr_par' dir='ltr' id='par_1_26' title="bbox 750 5452 4016 5620">
     <span class='ocr_line' id='line_1_48' title="bbox 927 5452 4016 5533; baseline -0 -15"><span class='ocrx_word' id='word_1_272' title='bbox 927 5472 1125 5521; x_wconf 86' lang='lat' dir='ltr'><strong>XXIII.</strong></span> <span class='ocrx_word' id='word_1_273' title='bbox 1201 5474 1460 5521; x_wconf 82' lang='lat' dir='ltr'>Ausonius</span> <span class='ocrx_word' id='word_1_274' title='bbox 1500 5472 1751 5533; x_wconf 78' lang='lat' dir='ltr'>Drepanlo</span> <span class='ocrx_word' id='word_1_275' title='bbox 1786 5470 1915 5518; x_wconf 81' lang='lat' dir='ltr'>Filio</span> <span class='ocrx_word' id='word_1_276' title='bbox 1961 5470 2000 5517; x_wconf 88' lang='lat' dir='ltr'><strong><em>V</em></strong></span> <span class='ocrx_word' id='word_1_277' title='bbox 2047 5470 2115 5531; x_wconf 74' lang='lat' dir='ltr'>(in</span> <span class='ocrx_word' id='word_1_278' title='bbox 2148 5484 2251 5529; x_wconf 78' lang='lat' dir='ltr'>my.</span> <span class='ocrx_word' id='word_1_279' title='bbox 2289 5466 2366 5518; x_wconf 78' lang='lat' dir='ltr'>m²</span> <span class='ocrx_word' id='word_1_280' title='bbox 2419 5474 2636 5518; x_wconf 86' lang='lat' dir='ltr'>metrum</span> <span class='ocrx_word' id='word_1_281' title='bbox 2683 5470 2973 5519; x_wconf 79' lang='lat' dir='ltr'>saleucium.</span> <span class='ocrx_word' id='word_1_282' title='bbox 3052 5452 3466 5533; x_wconf 67' lang='lat' dir='ltr'>endecasillaui‘i),</span> <span class='ocrx_word' id='word_1_283' title='bbox 3527 5472 3781 5519; x_wconf 84' lang='lat' dir='ltr'>Ausonius</span> <span class='ocrx_word' id='word_1_284' title='bbox 3836 5472 4016 5519; x_wconf 77' lang='lat' dir='ltr'>Latino</span> 
     </span>
     <span class='ocr_line' id='line_1_49' title="bbox 750 5554 4013 5620; baseline -0.001 -14"><span class='ocrx_word' id='word_1_285' title='bbox 750 5559 928 5606; x_wconf 73' lang='lat' dir='ltr'>Pacato</span> <span class='ocrx_word' id='word_1_286' title='bbox 967 5559 1220 5620; x_wconf 72' lang='lat' dir='ltr'>Drepanio</span> <span class='ocrx_word' id='word_1_287' title='bbox 1258 5560 1362 5606; x_wconf 80' lang='lat' dir='ltr'>mio</span> <span class='ocrx_word' id='word_1_288' title='bbox 1399 5558 1532 5606; x_wconf 67' lang='grc' dir='ltr'><strong><em>θεαὶ.</em></strong></span> <span class='ocrx_word' id='word_1_289' title='bbox 1574 5559 1717 5617; x_wconf 73' lang='grc' dir='ltr'><em>υοιρο</em></span> <span class='ocrx_word' id='word_1_290' title='bbox 1952 5555 1983 5605; x_wconf 87' lang='grc'><strong>2</strong></span> <span class='ocrx_word' id='word_1_291' title='bbox 2020 5558 2306 5606; x_wconf 81' lang='lat' dir='ltr'>neronessis</span> <span class='ocrx_word' id='word_1_292' title='bbox 2354 5557 2395 5605; x_wconf 89' lang='lat' dir='ltr'><strong><em>V</em></strong></span> <span class='ocrx_word' id='word_1_293' title='bbox 2621 5561 2816 5618; x_wconf 75' lang='lat' dir='ltr'>poetam</span> <span class='ocrx_word' id='word_1_294' title='bbox 2869 5556 2908 5602; x_wconf 87' lang='lat' dir='ltr'><strong><em>V</em></strong></span> <span class='ocrx_word' id='word_1_295' title='bbox 2943 5556 3004 5616; x_wconf 90' lang='lat' dir='ltr'>(m</span> <span class='ocrx_word' id='word_1_296' title='bbox 3043 5556 3137 5606; x_wconf 84' lang='lat' dir='ltr'>del.</span> <span class='ocrx_word' id='word_1_297' title='bbox 3181 5554 3268 5619; x_wconf 74' lang='lat' dir='ltr'>m2)</span> <span class='ocrx_word' id='word_1_298' title='bbox 3503 5555 3536 5604; x_wconf 78' lang='lat'>4</span> <span class='ocrx_word' id='word_1_299' title='bbox 3574 5557 3696 5604; x_wconf 87' lang='lat' dir='ltr'>rude</span> <span class='ocrx_word' id='word_1_300' title='bbox 3742 5557 3797 5617; x_wconf 85' lang='lat' dir='ltr'>V,</span> <span class='ocrx_word' id='word_1_301' title='bbox 3839 5558 4013 5606; x_wconf 86' lang='lat' dir='ltr'>rudem</span> 
     </span>
    </p>
   </div>
   <div class='ocr_carea' id='block_1_22' title="bbox 744 5643 1091 5779">
    <p class='ocr_par' dir='ltr' id='par_1_27' title="bbox 744 5643 1091 5779">
     <span class='ocr_line' id='line_1_50' title="bbox 747 5643 1060 5693; baseline 0.003 -2"><span class='ocrx_word' id='word_1_302' title='bbox 747 5643 1060 5693; x_wconf 69' lang='lat' dir='ltr'>Pulmannus</span> 
     </span>
     <span class='ocr_line' id='line_1_51' title="bbox 744 5731 1091 5779; baseline 0 -2"><span class='ocrx_word' id='word_1_303' title='bbox 744 5731 918 5778; x_wconf 83' lang='lat' dir='ltr'>nidum</span> <span class='ocrx_word' id='word_1_304' title='bbox 955 5731 1091 5779; x_wconf 62' lang='grc' dir='ltr'><em>ὅσοι.</em></span> 
     </span>
    </p>
   </div>
   <div class='ocr_carea' id='block_1_23' title="bbox 1265 5639 3505 5706">
    <p class='ocr_par' dir='ltr' id='par_1_28' title="bbox 1265 5639 3505 5706">
     <span class='ocr_line' id='line_1_52' title="bbox 1265 5639 3505 5706; baseline -0.001 -15"><span class='ocrx_word' id='word_1_305' title='bbox 1265 5643 1321 5692; x_wconf 84' lang='lat'>11</span> <span class='ocrx_word' id='word_1_306' title='bbox 1362 5644 1591 5706; x_wconf 81' lang='lat' dir='ltr'>plurimis</span> <span class='ocrx_word' id='word_1_307' title='bbox 1625 5643 1678 5704; x_wconf 81' lang='lat' dir='ltr'>V,</span> <span class='ocrx_word' id='word_1_308' title='bbox 1707 5643 1864 5704; x_wconf 84' lang='lat' dir='ltr'>pluris</span> <span class='ocrx_word' id='word_1_309' title='bbox 1894 5641 2054 5702; x_wconf 71' lang='lat' dir='ltr'>Luqd.</span> <span class='ocrx_word' id='word_1_310' title='bbox 2257 5641 2318 5690; x_wconf 78' lang='lat'>12</span> <span class='ocrx_word' id='word_1_311' title='bbox 2357 5655 2589 5689; x_wconf 74' lang='lat' dir='ltr'>maronae</span> <span class='ocrx_word' id='word_1_312' title='bbox 2622 5642 2663 5690; x_wconf 89' lang='lat' dir='ltr'><strong><em>V</em></strong></span> <span class='ocrx_word' id='word_1_313' title='bbox 2686 5641 2728 5701; x_wconf 76' lang='lat' dir='ltr'>(a</span> <span class='ocrx_word' id='word_1_314' title='bbox 2753 5643 2841 5690; x_wconf 76' lang='lat' dir='ltr'>all.</span> <span class='ocrx_word' id='word_1_315' title='bbox 2872 5641 2964 5692; x_wconf 83' lang='lat' dir='ltr'>del.</span> <span class='ocrx_word' id='word_1_316' title='bbox 2998 5639 3085 5704; x_wconf 73' lang='lat' dir='ltr'>m2)</span> <span class='ocrx_word' id='word_1_317' title='bbox 3262 5643 3428 5690; x_wconf 86' lang='lat' dir='ltr'>demto</span> <span class='ocrx_word' id='word_1_318' title='bbox 3463 5643 3505 5688; x_wconf 91' lang='lat' dir='ltr'><strong><em>V</em></strong></span> 
     </span>
    </p>
   </div>
   <div class='ocr_carea' id='block_1_24' title="bbox 3679 5627 4009 5704">
    <p class='ocr_par' dir='ltr' id='par_1_29' title="bbox 3679 5627 4009 5704">
     <span class='ocr_line' id='line_1_53' title="bbox 3679 5627 4009 5704; baseline -0.003 -14"><span class='ocrx_word' id='word_1_319' title='bbox 3679 5642 3740 5690; x_wconf 83' lang='lat'>15</span> <span class='ocrx_word' id='word_1_320' title='bbox 3778 5627 3916 5691; x_wconf 56' lang='lat' dir='ltr'>nune</span> <span class='ocrx_word' id='word_1_321' title='bbox 3956 5642 4009 5704; x_wconf 82' lang='lat' dir='ltr'>V,</span> 
     </span>
    </p>
   </div>
  </div>
 </body>
</html>
