4630 6435
844 413 964 474 XX
2238 406 2692 460 PROOEMIVM.

841 636 1042 714 noris,
1111 635 1400 699 foliorum
1454 634 1854 698 LXXXVIII
1900 634 1992 697 ita
2038 633 2525 716 dispositorum.
2596 639 2663 696 ut
2706 630 3041 713 quiniones
3088 630 3369 712 quinque
3416 629 3697 713 excipiat
3740 628 4092 711 quaterniO,

842 755 1008 819 hunc
1071 755 1197 819 duo
1259 755 1595 836 quiniones
1643 760 2016 835 sequautur,
2080 770 2310 832 agmen
2361 751 2636 832 denique
2684 750 2944 815 claudat
2989 751 3186 815 senio.
3283 749 3601 833 quinionis
3646 749 3833 833 primi
3881 748 4099 813 folium

842 876 1135 960 primum,
1189 894 1314 957 quo
1360 873 1847 938 continebantur
1892 872 2357 956 epigrammata
2403 891 2460 936 e.
2521 876 2575 949 1,
2618 872 2656 931 2
2697 873 2822 954 (vv.
2863 871 3081 951 6—8).
3122 872 3184 933 3.
3224 874 3283 934 4.
3325 873 3384 933 6.
3426 873 3496 946 7,
3552 871 3707 955 epit.
3759 870 3944 935 XVII
3992 872 4091 946 30,

849 999 1034 1072 1-3,
1088 993 1438 1062 intercidit:
1495 993 1610 1059 sed
1656 992 1876 1057 codice
1922 992 2171 1074 integro
2217 992 2547 1056 etiamtum
2599 1011 2753 1056 usus
2801 997 2900 1055 est
2945 991 3234 1064 Vinetus,
3285 990 3357 1055 id
3403 991 3572 1074 quod
3618 1013 3697 1058 ex
3747 990 4093 1076 scripturiS,

843 1136 1003 1200 quas
1048 1115 1332 1181 enotavit
1375 1115 1513 1180 ille:
1570 1134 1627 1179 e.
1670 1117 1728 1194 3,
1771 1115 1806 1175 3
1850 1112 2185 1196 ‘grandis',
2241 1119 2278 1176 5
2323 1112 2705 1193 ‘mirantur',
2757 1132 2814 1176 e.
2856 1117 2914 1193 4,
2956 1117 2991 1174 7
3051 1110 3332 1193 ‘fractosl
3374 1114 3631 1177 stratos’
3678 1111 4095 1193 intellegitur.

843 1236 888 1300 f.
943 1240 1183 1299 2---57v
1233 1234 1633 1299 continentur
1678 1233 1943 1297 Ausonii
1989 1233 2302 1316 opuscula
2349 1232 2613 1306 eodem,
2667 1252 2854 1315 quem
2904 1252 3100 1316 supra
3146 1231 3626 1316 descripsimus,
3680 1231 3925 1310 ordine,
3980 1230 4101 1294 nisi

843 1355 1015 1439 quod
1062 1376 1118 1419 e.
1175 1359 1252 1416 54
1303 1353 1606 1418 omissum
1655 1359 1755 1418 est
1798 1359 1862 1417 et
1907 1359 2050 1436 post
2098 1372 2154 1416 e.
2210 1354 2290 1414 92
2339 1351 2681 1434 repetitum
2729 1371 2786 1415 e.
2841 1355 2945 1432 41,
2998 1351 3089 1415 ita
3134 1358 3386 1433 tamen,
3451 1360 3519 1417 ut
3560 1352 3629 1416 in
3674 1373 3738 1415 v.
3792 1356 3829 1416 3
3878 1351 4102 1415 eadem

843 1474 996 1554 fere,
1051 1494 1217 1556 quae
1261 1474 1329 1537 in
1374 1472 1593 1538 codice
1639 1471 1954 1537 Vossiano
1994 1475 2133 1550 111,
2190 1471 2488 1553 legantur
2540 1471 2697 1535 ‘hec
2727 1471 2849 1535 sibi
2884 1474 3184 1536 constat'.
3266 1471 3332 1534 in
3379 1471 3771 1555 Protreptico
3823 1472 4005 1551 (XIII
4039 1473 4095 1554 2)

844 1601 988 1680 post
1029 1615 1091 1658 v.
1147 1600 1226 1656 45
1274 1594 1439 1659 alter
1480 1594 1758 1657 insertus
1806 1600 1906 1657 est
1946 1592 2236 1657 noviciae
2283 1591 2555 1674 originis
2609 1592 2916 1674 ‘Perlege
2963 1591 3388 1675 quodcunque
3434 1598 3533 1656 est
3579 1592 3992 1657 memorabile
4040 1599 4107 1656 ut

842 1716 957 1781 tibi
1008 1715 1261 1800 prosit'.
1357 1720 1500 1798 post
1545 1715 1619 1777 Ε.
1675 1713 1867 1777 XIIII
1914 1713 2076 1777 haec
2121 1712 2455 1794 leguntur:
2522 1712 2723 1776 ‘Finit
2766 1711 3182 1796 epistolarum
3230 1712 3445 1790 liber',
3512 1733 3676 1795 quae
3724 1711 4106 1796 subscriptio

844 1856 1097 1920 quoque
1143 1835 1208 1899 in
1255 1836 1427 1899 Vatt.
1488 1838 1636 1897 1611
1682 1841 1744 1898 et
1779 1836 1967 1912 3152,
2021 1832 2328 1897 Vrbinate
2362 1835 2508 1910 649,
2562 1832 3157 1914 Magliabecchiano
3205 1832 3324 1896 VII
3373 1834 3433 1908 8,
3476 1836 3621 1912 315,
3677 1833 4105 1897 Laurentiano

846 1956 927 2018 LI
981 1959 1055 2018 13
1120 1955 1386 2036 legitur.
1452 1954 1542 2018 ita
1600 1961 1852 2033 tamen,
1920 1959 1991 2016 ut
2046 1951 2360 2035 ‘primus'
2408 1951 2706 2016 addatur.
2803 1951 2971 2016 tituli
3033 1952 3258 2035 paucis
3318 1959 3561 2016 tantum
3622 1953 4105 2036 epigrammatis

853 2077 980 2156 (94.
1019 2076 1122 2138 38.
1163 2077 1265 2137 96.
1309 2077 1413 2136 30.
1452 2075 1766 2154 98—114)
1825 2073 2030 2137 altera
2075 2092 2289 2152 manu,
2345 2092 2510 2155 quae
2557 2071 2843 2137 eiusdem
2892 2070 3027 2136 fere
3074 2071 3195 2137 fuit
3238 2071 3490 2152 aetatiS,
3544 2072 3779 2137 adiecti
3827 2079 3992 2154 sunt,
4043 2074 4107 2138 in

845 2194 1076 2259 ceteris
1122 2194 1377 2259 desunt.
1473 2194 1670 2258 verba
1716 2192 1985 2272 Graeca,
2041 2214 2204 2275 quae
2254 2193 2556 2257 librarius
2602 2192 2906 2256 omiserat
2951 2192 3178 2277 spatiis
3225 2192 3559 2267 indicatis,
3615 2212 3843 2258 manus
3889 2194 4097 2268 tertia.

845 2335 1009 2399 quae
1051 2315 1380 2398 aliquanto
1422 2313 1735 2379 recentior
1773 2333 1916 2378 esse
1950 2311 2203 2378 videtur
2226 2317 2295 2396 ¹),
2350 2333 2430 2378 ex
2477 2320 2683 2397 parte,
2735 2318 2806 2377 ut
2851 2313 3127 2396 spatium
3176 2314 3587 2397 suppetebat,
3643 2314 3989 2398 supplevit,
4041 2314 4108 2378 id

847 2435 1015 2518 quod
1065 2435 1257 2500 facile
1305 2453 1675 2518 cognosces,
1730 2434 1783 2498 si
1834 2433 1879 2497 f.
1918 2437 1985 2496 4⁹
2032 2433 2417 2516 inspexeriS,
2472 2433 2652 2498 cuius
2697 2433 2765 2497 in
2812 2433 3103 2515 margine
3147 2433 3274 2497 imo
3321 2433 3718 2517 adscriptum
3765 2440 3864 2499 est
3894 2454 3951 2499 e.
3992 2438 4099 2498 31;

846 2576 974 2620 non
1021 2575 1172 2619 vero
1220 2553 1548 2638 supplevit
1592 2574 1649 2618 e.
1693 2557 1770 2617 32
1804 2560 1869 2618 et
1903 2556 1983 2614 90
2032 2559 2113 2632 et,
2170 2572 2294 2635 quo
2342 2553 2479 2617 loco
2526 2552 2808 2636 spatium
2858 2553 3147 2618 relictum
3194 2573 3322 2617 non
3353 2560 3510 2634 erat,
3564 2553 3883 2638 epistulae
3916 2554 4109 2618 XIIII

846 2696 950 2739 vv.
1004 2677 1282 2738 25—30.
1378 2672 1699 2757 excerptis
1745 2671 2141 2736 Ausonianis
2203 2672 2505 2737 librarius
2569 2672 2741 2737 foliis
2804 2674 3099 2738 undecim
3147 2672 3369 2738 vacuis
3416 2673 3657 2739 relictis
3704 2673 3750 2737 f.
3804 2676 4109 2738 fisa-88*

847 2794 1175 2858 adiecerat
1248 2793 1351 2857 ‘C.
1403 2792 1780 2876 Calphurnii
1843 2812 2098 2856 carmen
2159 2791 2573 2870 bucolicum'3
2642 2813 2767 2857 non
2829 2794 3029 2858 multo
3089 2800 3232 2877 post
3293 2801 3508 2859 autem
3573 2793 3745 2859 foliis
3804 2794 3939 2858 illis
3997 2815 4110 2859 va-

848 2914 984 2979 cuis
1049 2913 1141 2978 ita
1198 2932 1354 2977 usus
1402 2918 1529 2991 est,
1600 2918 1671 2977 ut
1715 2932 1878 2995 quae
1924 2912 1993 2977 in
2039 2912 2168 2977 alio
2215 2912 2438 2978 codice
2457 2916 2499 2994 211
2557 2921 2929 2999 reppererat
2975 2914 3262 2980 earmina
3306 2915 3713 2994 Ausoniam,
3782 2914 3926 2979 dico
3973 2915 4111 2999 epi-

848 3035 1085 3099 stulam
1132 3033 1393 3097 XXIIII
1437 3033 1502 3114 (f.
1542 3035 1848 3096 58¹—59v
1883 3032 2080 3114 med.)
2138 3040 2202 3097 et
2246 3041 2550 3119 excerpta
2597 3055 2678 3100 ex
2709 3042 3007 3118 poemate
3041 3035 3120 3101 de
3152 3035 3417 3100 urbibus
3447 3035 3772 3099 nobilibus
3814 3036 4100 3117 (XVIIII)

858 3154 923 3233 (f.
964 3156 1318 3237 (iffi—62¹),
1370 3152 1775 3237 adiungeret.
1858 3151 2091 3236 quibus
2136 3151 2203 3217 in
2250 3152 2691 3219 describendis
2738 3154 3093 3220 litterarum
3142 3154 3402 3239 formas,
3457 3175 3620 3239 quae
3667 3161 3850 3221 erant
3894 3155 3960 3220 in
4007 3176 4112 3221 co-

851 3275 994 3339 dice
1051 3274 1165 3339 illo
1228 3273 1385 3338 satis
1444 3272 1708 3357 antiquo
1770 3272 1999 3338 litteris
2047 3273 2555 3356 Langobardicis
2616 3282 2910 3357 exarato,
2979 3277 3257 3359 quodam
3319 3276 3509 3341 modo
3570 3276 3802 3341 imitari
3851 3284 4113 3342 conatus

850 3401 949 3459 est
1005 3394 1104 3474 (cf.
1156 3394 1410 3477 Peiper.
1470 3396 1641 3471 198).
1739 3392 2014 3475 denique
2058 3392 2129 3456 in
2174 3391 2222 3456 f.
2275 3396 2583 3457 62¹—63v
2632 3395 2947 3479 epistulas
2993 3396 3121 3460 XII
3166 3403 3231 3461 et
3276 3398 3475 3475 XIII,
3545 3397 3776 3481 quibus
3834 3398 4110 3482 spatium

847 3535 972 3579 non
1025 3514 1393 3597 reliquerat,
1448 3513 1810 3597 adscripsit.

1023 3635 1213 3699 Hunc
1272 3634 1557 3699 codicem
1620 3634 1894 3700 eundem
1959 3654 2103 3700 esse
2161 3656 2239 3700 ac
2299 3635 2531 3700 librum
2579 3636 2835 3701 Ioannis
2882 3637 3072 3719 Tilii,
3138 3659 3262 3722 quo
3321 3639 3389 3703 in
3434 3639 3711 3704 editione
3761 3658 3881 3703 sua
3923 3638 4110 3703 ador-

848 3755 1066 3820 nanda
1130 3774 1285 3820 usus
1345 3761 1446 3819 est
1488 3754 1789 3835 Vinetus,
1857 3775 1938 3818 ex
1996 3775 2104 3835 ec,
2173 3754 2346 3836 quod
2392 3756 2745 3840 scripturae
2791 3758 3032 3822 codicis
3078 3758 3321 3822 Tiliani
3369 3778 3512 3823 eum
3558 3759 3875 3824 Vossiano
3921 3780 4108 3842 quam

849 3874 1128 3939 maxime
1175 3873 1577 3957 conspirant,
1631 3874 1992 3957 suspicatus
2040 3880 2139 3938 est
2183 3874 2457 3939 Tollius.
2553 3895 2690 3957 nec,
2748 3877 2902 3959 quin
2946 3898 3102 3943 vera
3148 3878 3231 3943 sit
3275 3878 3438 3944 haec
3484 3878 3873 3967 coniectura,
3928 3878 4114 3945 dubi-

847 4000 987 4058 tare
1032 3993 1206 4057 licet.
1302 4013 1450 4057 uam
1513 3992 1571 4056 si
1629 4013 1793 4074 quae
1857 3993 2291 4078 discrepantia
2336 3993 2692 4075 iuvenitur,
2766 4018 2843 4062 ea
2887 3997 3038 4063 inde
3084 4005 3223 4063 orta
3267 4006 3400 4081 est,
3469 3999 3641 4082 quod
3689 3999 3959 4066 Vinctus
4003 4007 4114 4065 aut

847 4112 1299 4195 neglegentius
1358 4113 1642 4178 enotavit
1688 4114 1931 4178 Tiliani
1994 4115 2380 4199 scripturae,
2449 4117 2648 4182 veluti
2697 4118 2890 4182 XXII
2945 4125 3005 4197 1,
3065 4125 3171 4199 111,
3243 4141 3368 4202 quo
3432 4121 3569 4185 loco
3630 4119 3697 4184 iu
3743 4121 3997 4185 Tiliano
4044 4140 4112 4185 se

848 4233 1088 4315 legisse
1120 4239 1390 4298 testatur
1445 4234 1795 4317 ‘explicet’,
1849 4235 1916 4299 in
1946 4234 2261 4300 Vossiano
2295 4240 2395 4301 est
2450 4238 2815 4321 ‘applicet',
2870 4247 2981 4303 aut
3012 4259 3156 4305 cum
3189 4239 3536 4306 editionum
3572 4247 3857 4306 veterum
3893 4240 4113 4305 lectio-

847 4353 1037 4419 uibus
1071 4351 1380 4433 confudit,
1435 4353 1634 4418 veluti
1679 4354 1744 4417 in
1791 4354 2202 4439 inscriptione
2234 4354 2312 4420 E.
2352 4356 2605 4421 XVIIII
2660 4360 3119 4442 ‘poematouis'
3169 4360 3299 4443 legi
3330 4360 3395 4425 in
3428 4361 3683 4426 Tiliano
3719 4360 3892 4442 dicit,
3948 4360 4115 4443 quod

850 4473 987 4538 sine
1035 4472 1227 4538 dubio
1274 4491 1610 4555 operarum
1658 4473 1887 4538 mendo
1935 4482 2137 4540 ortum
2185 4482 2286 4540 est
2330 4496 2410 4541 ex
2466 4482 2480 4510 ⁴
2501 4478 2925 4561 poemation'3
2980 4487 3050 4544 at
3090 4479 3160 4544 iu
3207 4480 3519 4545 Vossiano
3566 4488 3665 4546 est
3720 4478 4021 4566 ‘poemat‘

857 4600 870 4626 ²
892 4592 1284 4676 poemation'
1349 4593 1416 4657 iu
1477 4593 1867 4658 editionibus
1927 4594 2312 4676 quibusdam
2370 4596 2609 4680 legitur
2661 4620 2741 4663 ex
2789 4600 3039 4664 Veneta
3082 4602 3287 4666 altera
3331 4608 3680 4686 receptum.
3778 4607 4116 4686 acceperat

853 4720 1068 4778 autem
1116 4713 1286 4777 hunc
1330 4712 1561 4777 librum
1610 4712 1878 4780 Vinctus
1924 4736 1965 4778 a
2010 4715 2250 4781 Ioanne
2294 4715 2467 4782 Tilio
2522 4717 2643 4801 (Du
2690 4720 2942 4803 Tillet)‚
2999 4721 3110 4803 qui
3157 4722 3498 4806 episcopus
3547 4723 3669 4788 fuit
3715 4721 4105 4801 Brionensis,

849 4840 995 4917 post
1037 4832 1412 4898 Meldensis.
1507 4853 1585 4898 ac
1630 4834 1756 4897 Ios.
1812 4835 2214 4918 Scaligerum
2261 4836 2456 4902 etiam
2503 4839 2723 4903 codice
2767 4840 2881 4905 illo
2929 4860 3113 4905 usum
3162 4862 3308 4906 esse
3354 4843 3450 4907 eis
3498 4843 3878 4921 edocemur,
3946 4862 4112 4925 quae

851 4953 1154 5036 leguntur
1197 4952 1266 5016 in
1312 4952 1592 5018 editione
1638 4953 2101 5036 Commeliana,
2155 4976 2345 5038 quam
2395 4958 2644 5023 curavit
2689 4960 3006 5042 Scaliger,
3062 4961 3535 5045 Heidelbergae
3582 4984 3643 5028 a.
3697 4980 4114 5028 MDLxxxvnl

849 5073 914 5137 in
962 5072 1169 5137 lucem
1216 5072 1487 5137 emissa:
1563 5072 1833 5138 ‘Omnia
1889 5094 1970 5139 ex
2028 5074 2279 5141 duobus
2337 5076 2618 5158 antiquis
2681 5083 2745 5143 et
2790 5080 3086 5163 pluribus
3132 5082 3318 5147 novis
3363 5084 3843 5168 exemplaribus
3887 5104 4111 5166 recog-

850 5287 1034 5295 —-——
1087 5291 1673 5297 ,Ἣῂῇ-

1030 5432 1073 5495 1)
1116 5435 1178 5483 ad
1224 5436 1528 5496 epigramma
1567 5437 1655 5484 LV
1701 5437 1789 5485 hac
1838 5452 1986 5486 manu
2032 5440 2281 5502 adscripta
2336 5447 2456 5489 sunt
2492 5443 2652 5491 Antb.
2693 5444 2797 5493 Pal.
2841 5445 2963 5492 XVI
3007 5444 3103 5494 162
3154 5452 3205 5494 et
3255 5462 3451 5496 carmen
3497 5449 3844 5509 epigrammati
3887 5447 3981 5497 160
4034 5449 4117 5495 ad-

851 5522 1094 5567 iunctum.

1021 5604 1068 5663 2)
1113 5606 1322 5653 fortasse
1358 5607 1577 5668 epistula
1611 5607 1815 5655 XXIIII
1863 5613 1914 5656 et
1957 5616 2194 5672 excerpta
2243 5627 2305 5659 cx
2352 5620 2577 5673 poemate
2615 5614 2677 5661 de
2715 5617 2923 5662 urbibus
2963 5619 3213 5665 nobilibus
3251 5633 3311 5664 cx
3351 5619 3565 5665 diversis
3603 5619 3858 5667 codicibus
3898 5621 4115 5683 profecta

851 5694 1000 5751 sunt3
1043 5692 1106 5738 ef.
1148 5690 1345 5757 Peiper,
1397 5690 1490 5738 199
1527 5696 1579 5739 et
1615 5705 1691 5753 ea,
1735 5706 1863 5758 quae
1899 5696 2035 5746 infra
2079 5696 2144 5759 (p.
2188 5696 2300 5757 XL)
2342 5698 2403 5745 de
2443 5699 2609 5749 codice
2648 5700 2977 5763 Eustorgiano
3015 5706 3357 5767 exposuimus,
