4630 6435
860 418 942 480 26
2342 413 2650 469 AVSONII

859 603 1032 688 picta
1077 611 1147 669 ut
1191 602 1422 669 dicitur
1465 603 1666 669 vestis
1712 623 1839 667 non
1885 602 2094 686 magis
2154 623 2308 667 auro
2370 621 2484 668 suo
2544 623 2736 684 quam
2799 602 2927 667 tuis
2987 601 3221 667 verbis.
3320 607 3425 665 54.
3490 603 3606 668 sed
3667 603 3866 667 multo
3926 602 4108 687 plura

860 715 1008 773 sunt
1050 706 1118 771 in
1164 706 1306 772 eius
1352 713 1598 787 ornatu,
1652 727 1816 788 quae
1863 727 1977 790 per
2022 713 2083 771 te
2130 704 2477 771 instructus
2523 705 2857 788 intellego,
2951 704 3279 787 geminum
3326 705 3564 791 quippe
3608 706 3676 770 in
3720 725 3844 770 uno
3888 704 4107 770 habitu

857 810 1070 876 radiat
1112 830 1343 875 nomen
1387 810 1684 893 Augusti.
1780 808 2192 875 Constantius
2238 809 2303 873 in
2350 816 2728 892 argumento
2788 809 2986 874 vestis
3030 807 3371 891 intexitur,
3442 809 3789 874 Gratianus
3845 807 3912 871 in
3971 829 4110 872 mu-
4151 828 4204 867 ιε»

859 912 1033 979 neris
1078 913 1316 978 honore
1362 913 1656 979 sentitur.

1030 1017 1184 1081 XII.
1236 1022 1340 1080 55.
1392 1016 1680 1081 Accessit
1724 1023 1855 1081 tam
1903 1014 2172 1099 inpenso
2220 1014 2531 1081 beneficio
2577 1023 2685 1081 tuo
2717 1014 2969 1099 pondus
2999 1016 3399 1096 quorundam
3432 1014 3862 1080 sciscitatione
3894 1035 4110 1079 cumu-

857 1122 1080 1186 latum.
1172 1119 1620 1201 interrogatus,
1675 1139 1863 1201 quem
1912 1118 2188 1202 priorem
2235 1118 2616 1184 decerneres
2664 1119 3013 1200 consulem,
3074 1138 3195 1184 nec
3240 1118 3660 1184 dubitandum
3707 1136 3851 1183 esse
3897 1116 4108 1182 dixisti

857 1231 925 1289 tu
973 1231 1038 1289 et
1080 1223 1190 1306 qui
1233 1229 1443 1287 tecum
1488 1222 1638 1287 boni
1684 1229 1832 1287 sunt
1876 1222 2170 1287 dubitare
2223 1242 2349 1287 non
2412 1228 2724 1306 poterant.
2821 1221 2937 1286 sed
2998 1229 3212 1287 tamen
3272 1222 3357 1286 ad
3415 1222 3535 1287 hoc
3592 1221 3830 1286 dictum
3889 1240 4112 1286 erexe-

856 1333 1000 1391 rant
1044 1325 1312 1407 animos,
1367 1326 1476 1407 qui
1522 1326 1796 1391 libenter
1842 1324 2269 1390 clarissimum
2314 1324 2521 1390 virum
2570 1326 2888 1407 collegam
2934 1345 3165 1405 meum,
3229 1345 3419 1407 quem
3464 1330 3869 1410 praesentem
3915 1323 4113 1388 habe-

859 1430 970 1495 bat
1015 1429 1284 1510 occasio,
1340 1429 1700 1513 praelatum
1749 1427 2195 1493 credidissent.
2291 1426 2641 1509 fatigantes
2688 1434 2902 1493 tamen
2947 1429 3119 1510 quod
3169 1428 3623 1494 intellexerant
3677 1427 4103 1508 requirebant.
4150 1447 4175 1485 5

861 1537 966 1597 56.
1017 1531 1122 1598 hic
1169 1538 1270 1613 tu,
1340 1531 1507 1597 sicut
1564 1531 1722 1596 mihi
1770 1530 2196 1596 renuntiatum
2246 1538 2378 1609 est,
2447 1537 2593 1596 noto
2638 1531 2751 1596 illo
2796 1531 3041 1614 pudore
3087 1538 3194 1597 tuo
3239 1531 3570 1616 paulisper
3620 1530 3921 1611 haesisti,
3990 1549 4113 1594 non

858 1634 1122 1701 rationis
1171 1635 1544 1717 ambiguus,
1610 1635 1725 1700 sed
1770 1655 1986 1700 eorum
2032 1634 2495 1699 dubitationem
2543 1635 2723 1699 vultu
2772 1641 2837 1700 et
2879 1635 3110 1701 rubore
3156 1636 3624 1716 condemnans,
3678 1634 3785 1717 qui
3833 1632 4111 1699 studium

859 1758 1044 1804 suum
1090 1736 1634 1824 interpretationis
1679 1757 1889 1803 errore
1934 1738 2310 1822 palpabant.
2407 1737 2640 1803 deinde
2688 1737 2835 1802 ilico
2881 1737 3260 1803 subdidisti:
3320 1739 3505 1821 ‘quid
3551 1739 3632 1804 de
3678 1738 3928 1803 duobus
3965 1758 4115 1804 con-

857 1841 1104 1908 sulibus
1150 1840 1509 1925 designatis
1554 1840 1881 1922 quaeritis,
1935 1840 2079 1924 quis
2124 1841 2280 1906 ordo
2329 1841 2412 1904 sit
2456 1840 2999 1926 nuncupationis?
3042 1862 3208 1907 anne
3255 1842 3426 1907 alius
3471 1863 3661 1924 quam
3707 1862 3895 1924 quem
3927 1861 4115 1925 prae-

856 1944 1103 2011 fectura
1147 1944 1540 2010 constituit‘?’
1619 1947 1724 2007 57.
1777 1964 1812 2008 o
1859 1943 2114 2009 felicem
2161 1944 2613 2009 verecundiam
2660 1950 2855 2026 tuam,
2911 1944 3014 2009 cui
3062 1944 3190 2009 ista
3234 1945 3563 2030 popularis
3606 1945 3770 2010 ratio
3800 1952 3933 2010 tam
3964 1965 4113 2029 pru-
4156 1962 4209 2001 ιο

856 2047 1082 2114 denter
1125 2048 1429 2114 occurrit!
1527 2046 1707 2112 scisti
1751 2045 1964 2128 aliud,
2015 2046 2374 2135 Gratiam,
2444 2048 2615 2130 quod
2662 2046 2944 2129 diceres,
3013 2047 3130 2114 sed
3176 2056 3435 2134 propter
3487 2048 3886 2132 quorundam
3932 2067 4116 2113 vere-

856 2152 1154 2218 cundiam
1202 2151 1416 2216 dicere
1462 2149 1744 2215 noluisti.
1843 2151 2221 2234 scopulosus
2267 2151 2375 2216 hic
2420 2151 2577 2215 mihi
2623 2151 2801 2217 locus
2848 2157 2947 2217 est
3009 2159 3072 2217 et
3116 2159 3373 2237 propter
3432 2173 3606 2232 eam,
3676 2173 3870 2235 quam
3928 2172 4115 2216 num-

855 2276 1046 2339 quam
1092 2255 1396 2340 appetivi,
1449 2253 1720 2337 gloriam
1769 2254 2189 2319 recusandus.
2284 2275 2429 2319 cum
2474 2254 2646 2339 prior
2690 2255 3092 2321 renuntiatus
3137 2255 3279 2337 sim,
3335 2254 3494 2321 satis
3541 2263 3639 2320 est
3682 2262 3859 2320 tuum
3897 2262 4114 2320 tenere

853 2357 1191 2424 iudicium:
1256 2358 1636 2442 interpretes
1681 2358 1893 2423 valete
1940 2357 2329 2422 meritorum.
2399 2361 2503 2423 58.
2554 2379 2763 2441 neque
2808 2366 3022 2425 autem
3069 2379 3209 2441 ego,
3268 2359 3699 2425 sacratissime
3743 2358 4105 2443 imperator,

855 2462 922 2526 in
969 2461 1147 2527 tenui
1189 2460 1501 2527 beneficio
1546 2460 1815 2541 gradum
1863 2459 2356 2543 nuncupationis
2401 2461 2775 2546 amplector.
2869 2482 2995 2527 non
3054 2469 3153 2527 est
3205 2462 3368 2528 haec
3412 2462 3620 2546 gloria
3663 2462 3885 2545 ignota
3931 2461 4114 2528 Cice-
4153 2478 4211 2517 ¹⁵

857 2565 1020 2630 roni.
1109 2567 1506 2649 ‘praetorem
1537 2564 1688 2643 me’,
1744 2563 1973 2646 inquit,
2037 2563 2350 2648 ‘populus
2381 2565 2706 2629 Romanus
2736 2564 3008 2648 primum
3043 2564 3211 2645 fecit,
3268 2566 3593 2631 consulem
3625 2565 3958 2651 priorem’.
4037 2584 4115 2629 ex

855 2668 1002 2753 ipsa
1045 2668 1185 2734 eius
1231 2667 1550 2734 sententia
1595 2665 1993 2749 intellegitur
2038 2667 2613 2732 commendabilius
2659 2667 2722 2733 ei
2755 2667 2959 2733 videri
2994 2666 3167 2753 (uni)
3200 2689 3393 2750 quam
3426 2668 3717 2753 pluribus
3749 2687 3893 2733 esse
3925 2687 4116 2751 prae-

858 2770 1167 2856 positum:
1233 2771 1415 2836 nulla
1458 2769 1628 2836 enim
1674 2777 1775 2835 est
1826 2769 2125 2852 equidem
2186 2770 2576 2836 contumelia
2635 2770 2939 2853 secundi,
3006 2772 3122 2836 sed
3181 2771 3249 2836 in
3312 2772 3560 2838 duobus
3619 2771 3830 2855 gloria
3885 2790 4120 2853 magna

859 2872 1158 2958 praelati.

1032 2976 1216 3042 XIII.
1271 2980 1373 3040 59.
1426 2975 1780 3042 Alexandri
1827 2975 2202 3041 Macedonis
2261 2976 2382 3041 hoc
2428 2975 2656 3042 fertur:
2723 2997 2866 3043 cum
2912 2977 3182 3061 legisset
3240 2978 3390 3043 illos
3446 2997 3671 3043 versus
3716 2978 4109 3057 HomericoS,

860 3081 1091 3163 quibus
1133 3081 1405 3146 Hectore
1451 3088 1833 3164 provocante
1881 3079 1962 3144 de
2008 3099 2234 3144 novem
2299 3078 2605 3160 ducibuS,
2676 3080 2785 3161 qui
2846 3098 3067 3146 omnes
3124 3102 3415 3165 pugnare
3476 3081 3852 3165 cupiebant,
3923 3101 4117 3145 unum

859 3183 1060 3268 deligi
1105 3183 1391 3270 placeret
1434 3183 1621 3249 sortis
1667 3188 1935 3263 eventu,
2002 3181 2256 3266 trepida
2317 3183 2426 3248 ubi
2486 3183 2903 3268 conceptione
2958 3191 3247 3251 votorum
3293 3186 3511 3251 Iovem
3557 3184 3865 3269 optimum
3912 3184 4121 3249 maxi-

859 3309 1032 3354 mum
1077 3295 1247 3354 totus
1290 3295 1589 3373 precatur
1633 3286 1989 3365 exercitus,
2058 3292 2127 3352 ut
2169 3286 2432 3352 Aiacem
2496 3287 2600 3352 vel
2645 3287 2853 3372 Tydei
2913 3287 3113 3353 filium
3173 3296 3285 3354 aut
3345 3289 3556 3373 ipsum
3615 3307 3834 3371 regem
3892 3287 4120 3352 ditium

859 3392 1273 3477 Mycenarum
1312 3389 1524 3456 sortiri
1569 3389 1851 3474 patiatur
1881 3390 2448 3472 Agamemnonem,
2515 3390 2903 3456 ‘occiderem
2924 3391 2958 3473 ’,
3013 3391 3236 3474 inquit,
3299 3391 3516 3455 ‘illum
3561 3391 3669 3474 qui
3715 3411 3818 3455 me
3862 3390 4121 3455 tertium
4161 3410 4184 3446 ⁵

860 3495 1312 3561 nominasset’.
1394 3498 1500 3560 60.
1551 3515 1588 3559 o
1618 3493 2214 3576 magnanimitatem
2261 3493 2593 3560 fortissimi
2638 3494 2797 3559 viri!
2847 3495 3162 3560 nominari
3191 3494 3360 3559 inter
3392 3514 3622 3559 novem
3668 3493 3893 3560 tertius
3940 3514 4125 3559 recu-

862 3599 1080 3680 sabat,
1150 3598 1261 3663 ubi
1323 3603 1493 3663 certe
1554 3596 1845 3682 pluribus
1906 3597 2322 3662 antecelleret
2364 3617 2560 3680 quam
2608 3597 2925 3662 subesset.
3023 3605 3261 3680 quanta
3306 3597 3411 3661 hic
3455 3595 3844 3661 verecundia
3888 3616 4124 3678 grava-

863 3708 1035 3767 retur
1078 3699 1390 3785 posterior
1436 3700 1518 3764 de
1565 3700 1816 3765 duobus
1835 3705 1864 3762 ²?
1950 3706 2050 3765 est
2093 3699 2260 3765 enim
2308 3699 2376 3763 in
2421 3700 2542 3765 hoc
2586 3721 2849 3766 numero
2896 3700 3137 3765 arduae
3182 3700 3378 3783 plena
3422 3698 3818 3782 dignationis
3866 3698 4118 3764 electio.

863 3824 1004 3870 cum
1069 3803 1393 3869 universis
1452 3802 1829 3868 mortalibus
1890 3803 2015 3868 duo
2060 3802 2169 3886 qui
2216 3801 2374 3867 fiant
2419 3804 2716 3869 consules
2763 3802 3247 3887 praeferuntur,
3317 3803 3428 3884 qui
3475 3801 3661 3867 alteri
3708 3802 4123 3887 praeponitur

861 3928 991 3972 non
1033 3904 1168 3988 uni,
1222 3906 1340 3971 sed
1385 3905 1681 3972 omnibus
1726 3905 2100 3971 antefertur.
2199 3909 2304 3969 61.
2358 3914 2698 3991 expectare
2744 3926 2913 3971 nunc
2957 3926 3148 3972 aures
3194 3906 3629 3990 praesentium
3678 3905 3809 3970 scio
3855 3911 3919 3970 et
3962 3904 4122 3994 ‘emi-
4162 3924 4216 3963 ιο

860 4030 1014 4076 nere
1081 4008 1149 4073 in
1208 4008 1490 4073 omnium
1550 4008 1729 4074 vultu
1787 4007 2128 4091 intellego,
2206 4008 2376 4089 quod
2437 4009 2760 4074 desiderio
2818 4009 3212 4094 concipiatur
3271 4008 3649 4074 animorum.
3757 4006 4125 4072 existimant

862 4112 1070 4191 enim,
1124 4131 1266 4177 cum
1313 4133 1424 4195 ea,
1477 4132 1644 4194 quae
1689 4110 1774 4176 ad
1817 4118 2035 4192 grates
2080 4111 2371 4193 agendas
2417 4113 2854 4195 pertinebant,
2919 4112 3281 4178 summatim
3330 4112 3616 4177 tenuiore
3662 4111 3770 4175 filo
3817 4111 3985 4177 sicut
4027 4110 4123 4174 di-

864 4216 1027 4282 citur
1083 4213 1360 4281 deducta
1420 4213 1794 4295 libaverim,
1861 4213 2084 4297 aliqua
2141 4235 2244 4279 me
2306 4214 2499 4280 etiam
2561 4218 2642 4282 de
2697 4216 3055 4282 maiestatis
3110 4222 3263 4281 tuae
3322 4215 3624 4280 laudibus
3688 4214 3926 4279 debere
3972 4234 4115 4299 per-

1034 4527 1155 4578 xn.
1203 4526 1262 4576 16
1300 4525 1402 4577 Cic.
1445 4529 1498 4573 in
1537 4527 1639 4577 Pis.
1687 4526 1736 4590 1,
1775 4526 1804 4575 2
1844 4542 1923 4575 me
1961 4562 1974 4577 .
2010 4563 2022 4575 .
2055 4563 2068 4577 .
2108 4535 2383 4589 praetorem
2422 4529 2637 4589 primum
2681 4563 2693 4576 .
2727 4563 2737 4575 .
2771 4562 2783 4575 .
2824 4529 3041 4588 populus
3079 4529 3331 4577 Romanus
3370 4529 3581 4576 faciebat
3673 4527 3703 4575 3
3742 4541 3822 4574 me
3865 4562 3877 4575 .
3912 4564 3923 4575 .
3957 4562 3969 4576 .
4015 4525 4122 4573 uni-

863 4630 1009 4664 versa
1046 4617 1222 4663 civitas
1261 4650 1274 4663 .
1307 4650 1319 4663 .
1355 4649 1368 4662 .
1410 4615 1622 4675 priorem
1660 4613 1912 4661 consulem
1949 4614 2217 4662 declaravit

1037 4702 1184 4749 XIII.
1224 4700 1258 4748 4
1293 4701 1357 4748 ΙΙ.
1401 4699 1495 4747 vll
1539 4697 1635 4748 179
1659 4713 1732 4759 sq.
1953 4699 2015 4748 ¹2
2053 4701 2170 4748 Hor.
2212 4701 2305 4762 Ep.
2350 4701 2396 4747 11
2439 4698 2484 4760 1,
2528 4699 2627 4749 225
2665 4701 2810 4748 tenui
2845 4700 3058 4748 deducta
3092 4706 3319 4763 poemata
3354 4701 3436 4748 fllo

1050 5026 1112 5076 14
1149 5028 1378 5087 intelligo
1417 5042 1457 5074 ω
1503 5025 1722 5087 (semper)
1943 5024 2004 5073 15
2041 4986 2264 5085 geminat
2303 5026 2346 5071 T
2378 5027 2449 5087 (ἰπ
2473 5042 2571 5086 my.
2604 5026 2830 5088 iradiat)
3045 5028 3356 5075 constantius
3402 5021 3603 5087 TMkp2‚
3647 5026 3996 5074 constantinus
4032 5028 4120 5073 cet.

1040 5114 1162 5163 x11.
1210 5114 1231 5162 1
1275 5116 1488 5176 inpenso
1516 5111 1584 5175 M,
1615 5114 1844 5174 impenso
1869 5117 1956 5161 cet.
2149 5113 2460 5160 siscitatione
2492 5113 2533 5158 T
2737 5112 2766 5160 2
2802 5115 3112 5173 interogatus
3143 5112 3241 5158 TM
3452 5113 3479 5160 7
3520 5114 3688 5160 robore
3722 5112 3763 5157 T
3789 5112 3933 5174 (corr.
3965 5110 4055 5173 ml)

866 5200 1237 5261 condempnans
1277 5199 1333 5245 M
1538 5197 1568 5246 8
1606 5198 1741 5246 illico
1781 5211 1823 5245 ω
2054 5197 2085 5246 9
2123 5199 2249 5245 alius
2290 5197 2386 5258 Me,
2426 5198 2580 5245 alium
2618 5203 2705 5248 cet.
2752 5199 2795 5245 Ε
3005 5200 3065 5249 10
3103 5190 3315 5263 fidenter
3358 5199 3398 5245 T
3611 5195 3667 5245 11
3708 5197 4036 5258 quorumdam
4078 5195 4128 5242 M

869 5285 931 5334 12
970 5286 1296 5348 scrupulosus
1341 5282 1485 5333 Ven.⁴
1520 5286 1663 5343 υοιρο
1707 5284 1790 5344 (cf.
1839 5283 1939 5331 Cic.
1981 5282 2082 5333 div.
2127 5287 2180 5331 ἰη
2221 5283 2277 5341 O.
2317 5284 2454 5334 Cacc.
2491 5288 2571 5346 11,
2602 5286 2689 5345 36)
2908 5285 2969 5334 14
3007 5288 3283 5346 intepetres
3324 5283 3379 5331 M
3588 5283 3649 5331 15
3688 5297 3808 5331 num
3854 5282 3945 5343 Uy.
3989 5283 4129 5343 volvo

870 5372 929 5420 17
970 5373 1060 5420 uni
1096 5385 1190 5420 om.
1225 5372 1334 5430 ωΕ,
1374 5370 1491 5417 add.
1524 5370 1655 5418 Med.
1872 5368 1932 5418 18
1972 5370 2106 5418 enim
2144 5385 2237 5417 om.
2274 5367 2418 5433 Μχυῖ
2625 5371 2827 5431 quidem
2866 5369 3008 5419 ναι*
3031 5374 3174 5432 volyo
3383 5372 3435 5416 in
3470 5383 3565 5418 om.
3596 5369 3685 5431 eE,
3730 5384 3792 5418 ex
3822 5369 3957 5418 Med.
3989 5370 4132 5427 volyo

1040 5458 1186 5507 xm.
1233 5457 1254 5505 1
1297 5457 1569 5505 homericos
1608 5470 1786 5504 uersus
1823 5469 1988 5503 omncs
2019 5461 2213 5517 praeter
2254 5456 2360 5516 Tkp
2396 5461 2441 5502 et
2467 5458 2611 5516 volyo
2822 5457 2849 5505 2
2890 5460 2951 5505 de
2987 5471 3083 5506 om.
3115 5455 3166 5503 112
3196 5465 3254 5514 (ε.
3281 5472 3329 5504 υ.
3360 5455 3477 5504 add.
3507 5454 3595 5516 m¹)
3629 5455 3714 5514 eE,
3757 5469 3784 5502 e
3827 5454 3959 5503 Med.
3989 5454 4131 5512 volyo

867 5545 897 5593 3
935 5545 1254 5593 contentione
1300 5543 1341 5590 T
1545 5542 1577 5590 4
1613 5543 1737 5590 tidei
1781 5541 1882 5588 ΤΜ
2088 5542 2117 5590 5
2157 5544 2463 5590 micenarum
2508 5543 2608 5590 TM
2815 5545 2976 5592 sortiri
3017 5544 3073 5604 E,
3117 5545 3280 5591 sortiti
3315 5557 3357 5604 e,
3401 5544 3519 5590 sorti
3557 5546 3646 5589 cet.
3862 5553 4131 5600 agamene-

866 5644 981 5678 nem
1022 5630 1081 5677 M
1312 5627 1366 5677 11
1411 5629 1532 5690 quid
1569 5629 1829 5678 Acidaliae
1866 5630 2011 5688 volyo
2218 5630 2529 5691 concipiatur
2569 5626 2680 5688 21³²,
2719 5631 2968 5690 concipiat
3003 5630 3051 5689 k,
3093 5630 3440 5690 concipiantur
3471 5643 3505 5688 p
3553 5631 3599 5687 (n
3637 5627 3726 5674 alt.
3767 5627 3866 5675 del.
3906 5623 3999 5689 m2)
4039 5628 4127 5674 cet.

870 5714 930 5765 12
968 5723 1020 5764 ct
1056 5730 1139 5764 ore
1177 5730 1238 5776 ω,
1281 5717 1510 5763 tenuiore
1560 5714 1704 5764 Ven.³
1913 5718 2048 5762 sicut
2085 5730 2147 5774 ω,
2189 5717 2245 5761 fit
2284 5713 2429 5778 ΙιῖεΕ,
2469 5720 2527 5762 ut
2566 5714 2695 5763 Med.
2735 5717 2877 5775 volyo
