4630 6435
2025 467 2486 523 PROOEMIVM.
3712 467 3884 532 LVII

2112 883 2337 958 -V1.

811 1074 949 1139 Iam
1012 1074 1093 1140 de
1151 1073 1427 1156 ratione,
1499 1093 1691 1156 quam
1738 1072 1805 1137 in
1852 1072 1975 1137 hac
2019 1072 2302 1138 editione
2349 1071 2727 1138 adornanda
2772 1080 3031 1138 secutus
3077 1090 3254 1153 sum,
3322 1054 3689 1156 exposituro
3741 1070 3898 1136 mihi

639 1196 944 1281 primum,
1012 1214 1138 1278 quo
1181 1192 1402 1259 ordine
1449 1192 1757 1277 opuscula
1800 1192 2071 1258 Ausonii
2117 1192 2498 1276 digesserim
2524 1247 2538 1276 ,
2606 1193 3057 1277 explicandum
3103 1212 3249 1259 esse
3295 1192 3574 1258 videtur.
3667 1213 3744 1258 ac
3789 1192 3898 1257 diu

644 1335 747 1380 me
792 1314 1221 1380 haesitavisse
1269 1314 1505 1394 fateor,
1572 1334 1764 1397 quem
1807 1313 2067 1379 modum
2114 1313 2181 1378 in
2227 1333 2307 1378 ea
2352 1296 2420 1378 re
2467 1314 2912 1398 amplecterer.
3008 1334 3159 1377 nam
3202 1333 3412 1396 neque
3458 1312 3643 1393 ordo,
3706 1333 3895 1395 quem

638 1435 704 1500 in
750 1435 1028 1501 editione
1074 1433 1366 1499 Parisina
1410 1433 1776 1500 incohatum
1823 1433 2116 1515 Scaliger
2160 1440 2224 1498 et
2268 1416 2519 1499 Tollius
2565 1434 3054 1513 constituerant,
3124 1432 3369 1499 servari
3435 1440 3716 1517 poterat,
3781 1453 3899 1498 ne·-

645 1576 768 1639 que
831 1577 910 1621 ea
967 1554 1131 1620 ratio
1192 1554 1352 1619 mihi
1410 1557 1745 1640 probanda
1802 1574 1947 1621 esse
2005 1555 2375 1637 videbatur,
2446 1562 2515 1620 ut
2574 1555 2881 1639 syllogis,
2946 1574 3111 1636 quae
3154 1554 3221 1619 in
3266 1578 3318 1617 ω
3365 1562 3430 1620 et
3486 1560 3534 1619 V
3569 1556 3889 1639 leguntur,

644 1676 1017 1762 praemissis
1073 1674 1459 1759 florilegium
1514 1676 1714 1757 illud,
1793 1677 1963 1759 quod
2027 1680 2224 1741 GBW
2276 1676 2548 1759 aliisque
2610 1676 3005 1758 continetur,
3070 1675 3412 1742 adicerem.
3522 1676 3667 1759 quis
3728 1676 3896 1742 enim

648 1816 895 1880 quaeso
941 1796 1198 1862 tulisset
1243 1796 1471 1862 eadem
1518 1797 1806 1863 carmina
1848 1797 1948 1862 bis
1993 1797 2168 1861 edita
2214 1816 2421 1879 eaque
2466 1796 2636 1879 illis,
2704 1817 2870 1879 quae
2915 1796 2982 1861 in
3028 1821 3081 1859 ω
3128 1803 3348 1862 extare
3395 1816 3591 1882 supra
3633 1797 3901 1861 demon-

647 1916 878 1997 stravi,
952 1917 1305 2000 scripturae
1350 1916 1526 1982 vitiis
1571 1917 1907 1999 inquinata
1923 1923 1952 1981 4Ι
2018 1918 2162 2000 quis
2207 1937 2335 1982 non
2381 1924 2689 1999 gravatus
2735 1923 2939 1997 esset,
3011 1917 3066 1982 si
3112 1917 3381 2000 legisset
3424 1917 3734 2001 opuscula
3778 1900 3900 1981 hac

648 2037 849 2119 serie,
917 2036 1130 2119 qualis
1175 2043 1275 2102 est
1314 2037 1384 2101 in
1431 2062 1483 2099 ω
1530 2044 1594 2101 et
1651 2042 1709 2117 V,
1779 2036 2155 2121 proposita?
2220 2037 2392 2119 quod
2439 2037 2495 2101 si
2541 2037 2870 2115 fecissem,
2925 2057 3053 2101 non
3098 2056 3328 2120 corpus
3370 2036 3727 2119 integrum,
3782 2036 3898 2102 sed

646 2157 813 2221 male
860 2155 1111 2222 disiecti
1157 2158 1445 2223 membra
1489 2163 1719 2242 poetae
1764 2157 2125 2222 habuisses.
2219 2176 2385 2238 qnae
2432 2178 2574 2221 cum
2622 2157 2818 2222 etiam
2861 2164 3054 2238 atque
3099 2157 3292 2221 etiam
3339 2156 3887 2237 deliberavissem,

644 2277 1029 2342 tutissimum
1090 2277 1246 2342 mihi
1307 2279 1516 2343 visum
1580 2285 1679 2344 est
1722 2260 2020 2344 Vossiani
2077 2278 2371 2361 vestigiis
2431 2277 2831 2343 insistentem
2893 2299 3071 2360 eum,
3140 2278 3250 2359 qui
3310 2277 3531 2359 aliqua
3584 2284 3754 2343 certe
3816 2298 3896 2343 ex

645 2405 823 2480 parte
869 2404 1056 2482 aptus
1102 2418 1247 2463 esse
1295 2399 1652 2479 videretur,
1722 2370 2009 2463 ordinem
2059 2399 2476 2481 constituere,
2541 2398 2633 2463 ita
2676 2406 2921 2479 tamen,
2995 2404 3095 2478 ut,
3166 2397 3222 2462 si
3268 2417 3372 2462 res
3418 2398 3610 2482 plane
3655 2397 3898 2463 incerta

645 2524 851 2600 esset,
920 2538 960 2581 a
1016 2526 1270 2602 recepto
1330 2518 1551 2583 ordine
1612 2539 1736 2584 non
1797 2518 2187 2584 recederem.
2284 2539 2414 2602 qua
2468 2520 2534 2583 in
2594 2538 2663 2582 re
2709 2519 2904 2601 probe
2951 2518 3230 2583 sciebam
3278 2538 3380 2583 me
3426 2517 3494 2582 in
3537 2517 3749 2582 varias
3792 2538 3897 2583 re-

648 2636 1108 2721 prehensiones
1152 2636 1553 2703 incursurum
1598 2658 1779 2717 esse3
1834 2640 1949 2706 sed
1993 2640 2469 2725 reprehendant
2512 2659 2626 2723 per
2670 2660 2772 2704 me
2804 2638 2972 2716 licet,
3029 2637 3371 2703 dummodo
3402 2638 3666 2721 aliquid,
3720 2638 3893 2720 quod

643 2757 1122 2842 reprehensioni
1169 2758 1426 2824 omnino
1471 2759 1814 2825 obnoxium
1862 2782 1988 2826 non
2034 2762 2136 2842 sit,
2192 2767 2570 2846 proponant.

812 2878 1024 2945 Primo
1068 2879 1265 2962 igitur
1294 2881 1431 2945 loco
1462 2881 1823 2947 Parisinum
1858 2889 2117 2947 secutus
2147 2880 2498 2947 Theodosii
2529 2879 2875 2964 epistulam
2906 2880 3113 2965 posui,
3170 2880 3271 2946 cui
3305 2880 3606 2945 subiunxi
3638 2901 3895 2945 carmen

642 3000 726 3064 ab
757 3000 1040 3064 Ausonio
1086 2999 1169 3064 ad
1214 3000 1383 3065 hunc
1427 3001 1728 3080 missum;
1782 3009 2084 3068 secuntur
2128 3002 2445 3089 praefatio
2489 3001 2575 3067 ad
2619 3003 2921 3067 lectorem
2969 3007 3033 3066 et
3062 3000 3431 3084 Syagrium,
3484 3001 3884 3085 Ephemeris,

644 3120 1031 3202 Eglogarum
1079 3119 1275 3202 liber,
1343 3121 1446 3185 cui
1501 3121 1747 3187 inserui
1793 3142 1873 3187 ex
1920 3148 1972 3185 ω
2020 3142 2278 3188 carmen
2325 3123 2406 3187 de
2452 3122 2781 3187 mensibus
2828 3127 2893 3186 et
2937 3126 3237 3203 quattuor
3280 3120 3434 3184 anni
3478 3121 3888 3204 temporibus,

643 3240 1050 3306 Precationes
1081 3241 1347 3306 Ausonii
1394 3242 1678 3307 consulis
1725 3242 2064 3327 designati,
2118 3246 2351 3327 quibus
2396 3263 2537 3308 cum
2573 3244 2799 3309 Vineto
2845 3241 3114 3308 adiunxi
3146 3241 3512 3307 Gratiarum
3549 3242 3890 3307 actionem.

643 3360 809 3426 hanc
856 3359 1185 3444 excipiunt
1213 3361 1454 3427 Versus
1501 3364 1865 3447 paschales,
1918 3385 2174 3430 carmen
2207 3364 2630 3449 rhopalicum,
2684 3364 2853 3449 quod
2884 3383 3270 3447 quamquam
3305 3363 3387 3426 ab
3419 3361 3701 3426 Ausonio
3731 3362 3895 3426 alie-

642 3501 791 3546 num
840 3500 983 3546 esse
1029 3489 1205 3565 put0,
1257 3489 1471 3548 tamen
1518 3505 1593 3549 eo
1639 3485 1798 3567 loco,
1853 3507 2040 3569 quem
2089 3493 2264 3552 tenet
2306 3486 2373 3550 in
2433 3490 2493 3567 V,
2545 3506 2800 3550 movere
2845 3484 3056 3565 nolui,
3109 3482 3485 3567 Epicedium
3518 3534 3532 3563 ,
3586 3483 3666 3547 (le
3711 3483 3897 3546 here-

645 3600 835 3683 diolo,
887 3602 1339 3686 Protrepticus,
1393 3603 1880 3671 Genethliacon.
1974 3627 2123 3670 nam
2169 3605 2632 3689 Protrepticum
2680 3612 2745 3670 et
2790 3604 3256 3669 Genethliacon
3302 3604 3368 3666 in
3425 3608 3470 3664 V
3509 3604 3680 3667 male
3726 3603 3895 3666 inter

648 3721 960 3806 epistulas
1006 3723 1318 3788 collocata
1363 3743 1507 3789 esse
1555 3745 1740 3790 nemo
1784 3746 1908 3790 non
1955 3724 2165 3802 videt,
2219 3725 2552 3810 postposui
2582 3732 2793 3790 autem
2828 3723 3292 3789 Genethliacon
3323 3722 3714 3806 Protreptico
3750 3723 3891 3787 libri

644 3840 923 3906 Parisini
966 3841 1032 3907 in
1078 3862 1158 3908 ea
1202 3864 1270 3909 re
1318 3844 1758 3910 anctoritatem
1805 3853 2082 3912 secutus.
2166 3846 2267 3912 his
2315 3846 2704 3912 carminibus
2749 3844 2974 3910 addidi
3021 3843 3409 3923 l'arentalia,
3462 3843 3632 3907 Prof.
3691 3843 3888 3908 Burd.

645 3962 1336 4046 commemorationem,
1392 3965 1759 4049 Epitaphia,
1811 3967 2044 4050 quibus
2091 3967 2315 4032 ultimo
2362 3966 2501 4031 loco
2547 3987 2628 4032 ex
2674 3990 2726 4029 ω
2775 3985 3029 4031 carmen
3076 3965 3158 4030 (le
3204 3964 3478 4029 Glaucia
3522 3962 3882 4045 adiunxi¹),

640 4084 996 4167 Mosellam,
1049 4085 1355 4151 Ordinem
1401 4086 1651 4151 urbium
1696 4087 2026 4168 nobilium,
2082 4089 2354 4170 Ludum,
2410 4088 2748 4170 Caesares,
2803 4088 3269 4172 epigrammata
3315 4088 3396 4153 de
3442 4085 3679 4152 Fastis.
3760 4084 3887 4148 iam

643 4224 786 4274 cum
845 4205 1310 4289 persuasissem
1374 4205 1531 4271 mihi
1589 4227 1844 4272 carmen
1906 4209 1993 4275 ad
2037 4209 2433 4294 Drepanium
2491 4207 2758 4292 (XXIII)
2828 4207 2913 4273 ad
2958 4209 3256 4292 syllogen
3304 4208 3679 4291 eglogarum
3724 4205 3891 4270 refe-

641 4325 910 4390 rendum
981 4344 1124 4391 esse
1204 4327 1305 4409 (cf.
1368 4348 1432 4411 p.
1498 4327 1714 4410 LIII),
1787 4329 1937 4393 huic
2004 4329 2270 4394 carmini
2342 4329 2553 4394 adieci
2615 4328 2998 4413 Cupidinem
3021 4381 3035 4410 ,
3111 4328 3471 4406 Bissulam,
3550 4325 3886 4410 Griphum,

643 4445 1258 4529 Technopaegnion,
1328 4448 1674 4513 Centonem
1700 4500 1714 4529 ,
1777 4449 2285 4533 Pythagor-icon,
2354 4450 2453 4515 De
2514 4449 2649 4513 viro
2709 4450 2906 4529 bono,
2980 4453 3099 4510 ΝΑΙ
3156 4454 3279 4511 ΚΑΙ
3328 4455 3443 4528 ΟΥ,
3515 4444 3883 4523 Hesiodion,

640 4565 1039 4632 Monosticha
1082 4566 1162 4632 de
1207 4568 1526 4633 aerumnis
1556 4569 1871 4650 Herculis,
1925 4570 2100 4651 quod
2144 4570 2531 4654 poematium
2578 4569 2645 4633 in
2689 4569 2869 4635 libris
2906 4574 3048 4634 GW
3085 4576 3234 4634 ante
3280 4569 3575 4650 eglogam
3625 4565 3705 4630 de
3751 4565 3885 4629 viro

640 4686 802 4751 bono
848 4687 1105 4770 legitur,
1157 4687 1226 4752 in
1269 4693 1316 4750 V
1352 4690 1522 4755 male
1568 4690 1962 4774 Eglogarum
2009 4691 2227 4758 libello
2258 4693 2565 4757 insertum
2599 4698 2718 4774 est,
2772 4691 3058 4756 carmina
3087 4690 3168 4755 de
3200 4690 3441 4754 rati'one
3473 4689 3676 4753 librae
3709 4695 3774 4753 et
3804 4687 3885 4751 de

641 4807 886 4873 ratione
932 4809 1257 4892 puerperii
1299 4810 1559 4875 maturi.
1639 4810 1952 4895 epistulas
1998 4812 2225 4878 eodem
2272 4812 2517 4893 ordine,
2571 4811 2795 4893 quoin
2828 4810 3217 4877 editionibus
3247 4806 3442 4874 'Pollii
3479 4816 3541 4873 et
3572 4807 3888 4873 Souchaei

645 4928 967 5011 leguntur,
1021 4929 1284 4995 exhibui
1331 4968 1416 4977 —-
1461 4951 1608 4994 nam
1656 4952 1787 5013 qua
1830 4932 1996 4997 serie
2043 4953 2189 4999 sese
2241 4932 2395 4997 olim
2441 4930 2831 5016 exceperint,
2886 4931 3016 4996 iam
3061 4929 3383 4996 neminem
3428 4928 3893 5013 explicaturum

650 5068 794 5115 esse
840 5069 1220 5134 persuasum
1265 5050 1473 5117 habeo
1517 5091 1624 5134 —,
1677 5051 1803 5117 nisi
1848 5052 2022 5135 quod
2066 5052 2383 5137 epistulas
2414 5052 2600 5116 XXV
2632 5058 2697 5117 et
2727 5052 2990 5116 XXIIII
3021 5051 3212 5116 sedes
3245 5069 3398 5114 suas
3428 5056 3674 5114 mutare
3703 5048 3885 5124 iussi,

643 5191 771 5253 qua
832 5171 914 5236 de
972 5192 1040 5236 re
1100 5171 1165 5236 in
1217 5172 1429 5257 capite
1478 5173 1683 5257 primo
1731 5173 1922 5238 huius
1967 5172 2271 5258 prooemii
2315 5173 2609 5257 exposui.
2704 5173 2924 5239 ultimo
2970 5173 3108 5237 loco
3156 5170 3462 5236 collocavi
3507 5169 3886 5235 Vossianum

639 5291 704 5356 in
751 5312 831 5358 ea
873 5313 941 5359 re
989 5301 1247 5358 secutus
1292 5293 1823 5378 Epigrammaton
1870 5294 2134 5375 librum,
2185 5293 2252 5359 in
2296 5315 2423 5377 quo
2470 5295 2743 5361 eundem
2792 5294 2962 5376 fere,
3023 5293 3132 5374 qui
3180 5302 3278 5357 est
3320 5293 3388 5356 in
3434 5292 3759 5357 codicibus
3807 5316 3880 5371 w,

641 5411 930 5478 ordinem
990 5414 1203 5497 tenui,
1270 5414 1360 5481 ita
1419 5422 1676 5498 tamen,
1742 5423 1812 5480 ut
1869 5414 2338 5499 epigrammata
2395 5416 2717 5499 quaedam
2762 5416 2844 5481 ab
2891 5415 3076 5496 aliis,
3141 5413 3377 5495 quibus
3423 5413 3649 5477 eadem
3698 5432 3892 5494 argu-

819 5690 863 5754 1)
905 5692 1165 5741 Ausonius
1203 5693 1409 5741 heroum
1448 5694 1739 5757 epitaphiis,
1782 5708 1910 5757 quae
1948 5708 2010 5742 ex
2050 5693 2337 5742 Aristotelis
2374 5694 2526 5755 Peplo
2562 5694 2950 5755 deprompserat,
2997 5697 3254 5754 tamqnam
3293 5691 3617 5753 appendicem
3654 5688 3749 5735 alia
3786 5688 3897 5736 eius

642 5778 777 5826 modi
812 5781 1033 5828 cumina
1069 5781 1188 5827 varii
1227 5783 1510 5840 argumenti
1550 5782 1801 5830 adiunxit.

795 5880 1042 5921 Avsnsxvs.
3447 5877 3480 5931 h
