4630 6435
721 465 843 527 192
2198 456 2508 515 AVSONII

1222 674 1282 712 55
1386 648 1457 714 in
1501 649 1725 716 Medos
1770 649 2152 732 Arabasque
2197 655 2341 714 tuos
2387 668 2503 733 per
2544 646 2767 711 nubila
2811 653 2875 712 et
2918 653 3124 711 atrum

1389 773 1588 837 perge
1634 753 1852 817 chaos.
1946 753 2236 816 Romana
2279 751 2502 835 procul
2546 749 2662 815 tibi
2705 748 2965 814 nomina
3009 757 3214 815 sunto.
3395 770 3456 810 oo

1389 856 1524 921 illic
1566 875 1802 939 quaere
1849 854 2011 920 alios
2056 860 2508 939 oppugnatura
2552 852 2843 935 sodales,

1393 959 1556 1024 livor
1599 958 1707 1024 ubi
1753 958 1877 1023 iste
1923 965 2069 1024 tuus
2115 956 2679 1041 ferrugineumque
2725 976 3044 1022 venenum

1391 1068 1750 1146 opportuna
1792 1062 1921 1127 tuis
1964 1060 2252 1126 inimicat
2297 1068 2558 1144 pectora
2602 1060 2787 1126 fucis.

1224 1192 1283 1227 (50
1392 1165 1731 1229 Paulinum
1778 1164 2288 1248 Ausoniumque,
2341 1164 2513 1229 viros
2560 1184 2720 1247 quos
2767 1183 2951 1228 sacra
2995 1160 3243 1239 Quirini

1392 1289 1678 1353 purpura
1721 1275 1785 1334 et
1828 1274 2091 1332 auratus
2136 1269 2402 1333 trabeae
2450 1268 2692 1333 velavit
2736 1267 3038 1347 amietuS,
3396 1286 3457 1324 or,

1392 1392 1519 1435 non
1565 1372 1750 1437 decet
1793 1370 2046 1436 insidiis
2092 1370 2473 1455 peregrinae
2519 1371 2747 1436 cedere
2792 1371 3004 1436 divae.
3391 1390 3452 1428 oo

1391 1475 1604 1559 inpia,
1659 1474 1942 1540 Pirithoo
1987 1474 2359 1557 disiungere
2404 1474 2659 1540 Thesea
2706 1493 2934 1558 posses
3396 1493 3450 1531 3⁴

1398 1578 1878 1661 Euryalumque
1925 1597 2038 1641 suo
2085 1577 2327 1642 socium
2374 1597 2708 1643 secernere
2755 1576 2953 1641 Niso:

1226 1705 1287 1743 ηε»
1397 1689 1459 1745 te
1509 1681 1823 1745 suadente
1871 1680 2089 1763 fugam
2137 1680 2421 1764 Pylades
2468 1680 2766 1764 liquisset
2809 1679 3080 1745 Oresten

1392 1804 1513 1849 nec
1557 1784 1940 1849 custodisset
1983 1784 2237 1849 Siculus
2285 1783 2656 1849 vadimonia
2699 1784 2975 1848 Damon.
3402 1802 3459 1842 ινι

1396 1887 1551 1969 quid
1596 1908 1827 1970 queror
1870 1888 2095 1970 eoique
2139 1887 2418 1953 insector
2461 1886 2728 1952 crimina
2772 1886 3085 1952 monstri?
3400 1906 3457 1943 ενι

1401 1990 1647 2056 occidui
1692 2011 1796 2055 me
1842 1991 1985 2074 ripa
2027 1991 2231 2073 Tagi,
2284 2011 2387 2055 me
2432 1990 2676 2055 Punica
2720 1990 2924 2056 laedit

1401 2094 1706 2174 Barcin0,
1760 2114 1862 2159 me
1908 2094 2172 2159 bimaris
2215 2094 2373 2177 iuga
2416 2093 2731 2177 ninguida
2774 2092 3129 2177 Pyrenaei:

1232 2326 1291 2363 70
1401 2300 1734 2365 moenibus
1780 2307 1844 2365 et
1890 2298 2097 2383 patrio
2142 2299 2361 2365 forsan
2405 2319 2660 2382 quoque
2707 2300 2907 2366 vestis
2954 2307 3016 2365 et
3060 2298 3188 2364 oris
3402 2318 3460 2357 τε

1405 2526 1721 2589 quemque
1769 2526 1883 2570 suo
1928 2506 2117 2589 longe
2163 2505 2425 2570 dirimat
2469 2505 2796 2590 provincia
2839 2512 3044 2570 tractu
3407 2525 3467 2565 70

1403 2618 1581 2675 trans
1626 2615 1874 2674 montes
1921 2610 2251 2690 solemque
2296 2608 2533 2688 alium,
2585 2616 2761 2673 trans
2808 2608 3072 2673 flumina
3118 2614 3182 2673 et
3227 2607 3419 2672 urbes

1405 2720 1469 2777 et
1512 2713 1688 2795 quod
1732 2720 2044 2778 terrarum
2092 2712 2385 2794 caelique
2433 2711 2800 2776 extenditur
2841 2711 3008 2776 inter

1405 2815 1822 2881 Emeritensis
1866 2816 2048 2882 Anae
2096 2817 2396 2897 lataeque
2443 2814 2685 2881 fluenta
2731 2815 3121 2880 Garumnae.

1236 2945 1296 2983 γε,
1404 2919 1575 3002 quod
1622 2919 1678 2984 si
1720 2919 2048 2985 intervalli
2094 2920 2375 3005 spatium
2423 2919 2756 2985 tolerabile
2802 2920 2990 2984 limes

1405 3029 1669 3107 poneret
1717 3023 1992 3106 exiguus
2048 3022 2366 3106 (quamvis
2412 3023 2608 3106 longa
2652 3022 2868 3087 omnia
2913 3022 3211 3101 credant,
3411 3043 3472 3082 τε»

1403 3126 1511 3210 qui
1559 3126 1750 3191 simul
1796 3146 1941 3192 esse
1987 3127 2267 3210 volunt),
2324 3125 2566 3191 faceret
2607 3132 2824 3191 tamen
2868 3125 3013 3209 ipsa
3057 3125 3448 3210 propinquos

1403 3251 1558 3296 cura
1602 3231 1811 3310 locos,
1865 3230 2095 3296 mediis
2140 3230 2418 3313 iungens
2466 3229 2773 3296 distantia
2818 3229 3069 3296 verbis:
3413 3250 3470 3289 77

1410 3339 1731 3401 Santonus
1778 3342 1847 3401 ut
1892 3334 2015 3400 sibi
2064 3334 2515 3418 Burdigalam,
2571 3355 2718 3400 mox
2762 3334 2972 3418 iungit
3015 3333 3339 3418 Aginnum

1240 3463 1301 3502 so
1409 3440 1527 3504 illa
1572 3439 1694 3505 sibi
1741 3446 1806 3505 et
1848 3438 2119 3524 populos
2163 3438 2550 3521 Aquitanica
2594 3458 2742 3503 rura
2788 3438 3106 3519 colentes,

1410 3550 1610 3626 utque
1655 3542 1898 3627 duplex
1942 3542 2175 3607 Arelas
2221 3540 2496 3626 Alpinae
2541 3547 2713 3606 tecta
2756 3541 3045 3606 Viennae

1409 3647 1902 3729 Narbonemque
1949 3646 2090 3731 pari
2137 3645 2347 3731 spatio
2392 3644 2515 3710 sibi
2562 3644 2838 3710 conserit
2882 3651 2946 3709 et
2991 3664 3136 3708 mox

1409 3749 1914 3834 quinquiplicem
1962 3749 2170 3815 socias
2214 3748 2364 3829 tibi,
2419 3748 2647 3812 Martie
2694 3748 2949 3828 Narb0,
3003 3748 3326 3813 Tolosam.

1411 3853 1531 3919 hoc
1576 3853 1735 3918 mihi
1780 3853 1835 3918 si
1883 3852 2161 3937 spatium
2206 3852 2439 3918 vicinis
2485 3851 2821 3916 moenibus
2869 3857 3068 3932 esset,

1244 3980 1304 4018 ss>
1411 3963 1563 4022 tunc
1608 3977 1730 4039 ego
1775 3964 1840 4022 te
1886 3964 1955 4023 ut
1997 3957 2233 4022 nostris
2278 3964 2498 4041 aptum
2548 3955 2987 4040 conplectcrer
3031 3954 3202 4019 ulnis

1411 4059 1809 4142 adflaretque
1856 4066 2002 4124 tuas
2048 4079 2239 4125 aures
2283 4065 2542 4124 nostrae
2588 4078 2749 4124 aura
2792 4058 3138 4140 loquellae.

921 4286 978 4335 61
1025 4286 1149 4337 Stat.
1193 4287 1379 4336 Achill.
1423 4288 1471 4334 11
1514 4286 1579 4334 35
1617 4287 1804 4334 velavit
1838 4288 2024 4334 amictu
2067 4286 2152 4347 (cs.
2198 4285 2325 4334 silv.
2366 4287 2413 4333 11
2455 4285 2500 4349 1,
2546 4284 2659 4348 132)
2956 4283 3021 4332 63
3048 4298 3154 4344 sqq.
3198 4284 3342 4331 Mart.
3384 4284 3481 4331 Vn
3520 4282 3604 4345 24,
3647 4285 3677 4333 3
3703 4301 3776 4347 sq.
3817 4292 3868 4334 te
3905 4287 4001 4334 iin-

745 4378 896 4430 gente
932 4375 1074 4421 nefas
1099 4373 1321 4432 Pyladen
1359 4373 1550 4422 odisset
1575 4372 1799 4433 Orestes,
1840 4373 2033 4421 Thesea
2059 4372 2270 4421 Pirithoi
2306 4373 2627 4421 destituisset
2663 4385 2825 4432 amon
2866 4369 2934 4429 cf.
2967 4370 3110 4417 Ovid.
3143 4370 3297 4419 Trist.
3327 4372 3350 4417 1
3378 4373 3428 4432 5,
3463 4370 3687 4433 19sqq.;
3721 4373 3770 4433 9,
3803 4371 3866 4420 27
3888 4387 3994 4435 sqq.

917 4563 981 4611 55
1019 4562 1212 4610 medios
1251 4560 1297 4607 P
1533 4563 1805 4623 orabasque
1852 4561 1894 4608 V
2131 4551 2362 4609 antrum*
2410 4562 2450 4608 V
2487 4562 2537 4620 (n
2573 4558 2671 4617 ”²²3
2713 4575 2746 4621 p
2783 4560 2952 4620 eram),
2994 4561 3241 4608 eanitrum
3278 4559 3324 4605 P
3363 4558 3476 4619 (om.
3517 4561 3608 4623 et),
3651 4567 3814 4609 strum
3859 4561 4004 4612 ναι*

745 4650 810 4698 56
848 4663 996 4711 parge
1033 4649 1078 4695 P
1317 4661 1428 4696 caes
1477 4648 1529 4710 V,
1568 4648 1733 4697 chacis
1772 4648 1816 4695 P
2076 4647 2139 4696 58
2178 4649 2618 4710 ferngennumque
2657 4647 2702 4693 P
2941 4645 3007 4695 59
3042 4653 3288 4707 oportuna
3332 4647 3415 4693 VP
3654 4649 3857 4696 inimica
3894 4647 3940 4696 P

749 4737 873 4784 sacis
897 4735 943 4782 P
1143 4734 1209 4784 60
1246 4735 1397 4795 quini
1423 4734 1469 4780 P
1673 4733 1734 4781 61
1776 4747 1999 4795 purpure
2028 4733 2073 4780 P
2102 4738 2212 4795 (om.
2244 4736 2312 4797 et)
2531 4733 2596 4782 63
2632 4734 2762 4796 inpii
2799 4736 2846 4797 β,
2892 4734 3047 4796 impie
3084 4748 3144 4791 π,
3185 4734 3323 4793 inpia
3358 4746 3443 4793 eqo
3651 4735 3878 4795 peritboo
3900 4737 3936 4797 β

745 4822 1006 4881 diiungere
1044 4836 1086 4870 π
1295 4821 1458 4881 possis
1493 4822 1589 4884 βπ,
1629 4833 1801 4880 posses
1846 4820 2087 4867 Graevius
2296 4819 2363 4867 65
2401 4819 2631 4868 Orestem
2668 4820 2811 4878 volyo
3018 4818 3080 4866 67
3121 4820 3235 4880 quit
3281 4819 3319 4866 V
3355 4819 3405 4880 (d
3442 4816 3530 4880 772²)
3741 4814 3901 4882 θοάς*
3947 4822 4001 4883 V,

747 4910 950 4969 eroique
988 4906 1034 4953 P
1256 4905 1322 4955 68
1358 4894 1539 4967 punica
1584 4905 1625 4951 V
1660 4906 1709 4966 (n
1746 4901 1835 4967 νηῒ)
2063 4905 2129 4954 69
2166 4906 2350 4953 barcilo
2387 4905 2432 4952 P
2638 4906 2852 4952 bamaria
2890 4903 2935 4950 P
3138 4906 3332 4966 pirenei
3378 4904 3463 4952 VP
3669 4905 3733 4953 70
3771 4907 4005 4955 lacunam

746 5000 791 5042 et
827 4999 941 5042 ante
975 4998 1020 5040 et
1050 4998 1163 5053 post
1198 4993 1325 5040 hunc
1360 5006 1555 5041 versum
1591 4993 1900 5054 siqnificavi,
1954 4992 2097 5051 volya
2136 4991 2338 5039 Florida
2375 4997 2602 5051 auctore,
2656 4993 2740 5052 qui
2777 5005 2804 5038 e
2842 4991 3018 5052 patriis
3062 4992 3145 5052 (sic
3182 4991 3284 5038 iam
3321 4989 3504 5051 Luyd.)
3547 4992 3756 5039 formam
3792 4995 4001 5054 scripsit,

745 5086 855 5141 post
893 5077 956 5128 78
993 5081 1288 5126 collocatum
1496 5080 1729 5126 menibus
1767 5076 1812 5123 P
2016 5092 2043 5125 e
2082 5079 2238 5139 patrio
2275 5077 2322 5124 P
2368 5076 2510 5126 Ven.⁴
2737 5079 2855 5124 foris
2891 5092 2953 5124 an
2994 5077 3037 5123 P
3259 5091 3424 5139 qoque
3467 5077 3508 5123 V
3726 5078 3787 5126 71
3830 5094 4007 5141 quern-

751 5181 847 5227 que
883 5166 966 5213 VP
995 5162 1152 5228 Ven.⁴,
1194 5178 1424 5227 quaeque
1467 5164 1581 5211 Toll
1603 5166 1764 5224 υοῑρο,
1805 5178 2021 5224 cumque
2060 5165 2297 5213 Heinsius
2508 5178 2600 5225 sue
2641 5166 2750 5226 (sue
2787 5164 2844 5226 P)
2888 5165 3032 5224 longo
3077 5161 3174 5224 VP,
3214 5176 3305 5210 suo
3340 5163 3483 5221 longo
3531 5160 3692 5226 Ven.⁴,
3735 5178 3828 5212 suo
3863 5167 4006 5226 longe

756 5253 864 5298 Toll
1174 5251 1367 5299 dirimit
1408 5251 1516 5297 Tou
1551 5252 1692 5310 volyo
2004 5249 2070 5298 72
2109 5241 2302 5299 monte⁸
2347 5251 2388 5298 V
2427 5253 2466 5314 (s
2502 5248 2594 5313 77²2)
2912 5237 3120 5297 flumin*
3155 5254 3208 5296 et
3246 5239 3385 5296 Vrbes
3431 5249 3470 5295 V
3505 5247 3575 5310 (in
3608 5265 3707 5310 my.
3754 5254 3796 5297 ἃ
3834 5253 3999 5312 urbes)

753 5338 816 5385 73
854 5351 953 5398 que
988 5351 1085 5385 om.
1127 5336 1172 5383 P
1401 5336 1464 5385 74
1501 5339 1839 5385 emeritenns
1884 5337 1923 5383 V
1958 5336 2022 5397 (si
2058 5338 2231 5399 eram),
2272 5341 2544 5387 emeritens
2582 5338 2637 5397 P,
2687 5338 2940 5384 Emeriten
2985 5335 3092 5396 (om.
3137 5336 3298 5395 Anae)
3350 5331 3494 5383 Vm.⁴
3700 5349 3927 5399 garunna
3973 5337 4012 5384 V

753 5424 816 5471 75
855 5422 1137 5470 interuallis
1176 5423 1221 5469 P
1263 5420 1406 5470 ναι*
1441 5423 1581 5483 volya
1788 5417 1912 5488 lites
1953 5423 2095 5473 limes
2136 5423 2178 5469 P
2405 5423 2470 5473 76
2506 5415 2707 5472 creda⁸t
2752 5424 2793 5469 V
2826 5423 2881 5483 (N
2918 5420 3039 5482 fort.
3079 5417 3190 5479 7722),
3235 5420 3373 5467 cadat
3414 5418 3459 5465 P
3497 5421 3608 5480 (om.
3650 5423 3856 5483 omnis),
3900 5437 4007 5470 cre·

751 5511 836 5556 dat
882 5505 1027 5558 Ven.⁴
1234 5507 1299 5558 78
1337 5523 1445 5556 cars
1497 5509 1532 5555 V
1736 5510 1855 5558 locis
1902 5509 1955 5570 V,
1995 5510 2132 5556 locus
2174 5508 2217 5554 P
2262 5505 2429 5570 Ven.⁴‚
2468 5510 2595 5556 locos
2635 5509 2795 5568 Luyd.
3031 5507 3096 5556 79
3133 5498 3380 5556 sa⁸ctonis
3426 5507 3468 5553 V
3504 5510 3559 5566 (N
3594 5504 3707 5568 m2),
3746 5514 4006 5555 sanctones

756 5598 812 5654 P,
855 5598 1126 5644 Sanctonos
1176 5593 1340 5653 Vens&
1384 5595 1667 5643 Sanctonus
1706 5595 1870 5655 Luyd.
2106 5595 2425 5655 burdegalam
2464 5595 2507 5641 P
2731 5596 2989 5655 Aginnum
3027 5610 3122 5644 om.
3165 5593 3207 5640 P
3433 5592 3497 5640 83
3536 5583 3926 5654 quinql'iplicem
3976 5594 4013 5639 V

763 5680 917 5742 Vm.⁴,
961 5682 1391 5743 quinquipolieem
1434 5678 1492 5741 P,
1533 5681 1953 5744 qninquuplicem
1994 5681 2129 5742 Pan,
2176 5681 2552 5742 quincuplicem
2593 5681 2707 5729 Ald.
2751 5682 2894 5740 volyo
3172 5679 3237 5727 85
3274 5663 3386 5727 actu
3433 5678 3489 5739 V,
3529 5685 3704 5740 aptum
3747 5679 3800 5741 P,
3842 5685 4004 5727 artum

756 5767 1049 5826 Oudendorp
1258 5766 1324 5814 86
1362 5768 1632 5827 afssau-eque
1672 5767 1715 5812 P
1919 5781 2038 5815 aure
2077 5769 2272 5828 loquele
2314 5767 2357 5812 P
