4630 6435
1573 440 1825 494 LVDVS
1863 442 2152 497 SEPTEM
2193 443 2627 499 SAPIENTVM
2668 446 2829 509 (XX).
3716 450 3836 512 109

1239 624 1510 716 Ἄριστον
1559 632 1769 717 μέτρον
1815 654 2007 715 quem
2053 633 2298 701 dixisse
2344 634 2736 701 existimant.

1052 756 1144 798 150
1250 734 1671 818 interpretare
1720 742 1816 817 tu,
1871 735 1982 817 qui
2027 737 2393 804 orchestrae
2438 738 2768 822 proximus
3300 820 3307 827 .

1252 836 1562 919 gradibus
1609 837 1984 923 propinquis
2028 839 2096 904 in
2140 840 2650 923 quattuordecim
2697 844 2916 909 sedes:
3296 868 3322 905 5

1239 933 1506 1026 Ἄριστον
1556 942 1766 1027 μέτρον
1813 963 1897 1006 an
1944 941 2029 1007 sit
2072 943 2369 1028 Optimus
2416 943 2679 1027 moduS,

1254 1044 1378 1109 dic.
1473 1045 1779 1110 annuisti.
1875 1046 2151 1129 gratiam
2199 1047 2430 1113 habeo.
2526 1068 2875 1133 persequar

1254 1169 1368 1233 per
1411 1148 1723 1213 ordinem.
1818 1149 1948 1215 iam
1996 1149 2158 1216 dixit
2202 1173 2284 1217 ex
2328 1151 2451 1217 isto
2496 1153 2636 1218 loco

1055 1273 1145 1313 155
1253 1252 1411 1317 Afer
1453 1259 1644 1336 poeta
1687 1260 1902 1320 vester
1945 1255 2030 1318 Vt
2074 1275 2155 1319 ne
2201 1254 2358 1338 quid
2401 1256 2627 1339 nimie,

1254 1362 1319 1420 et
1361 1361 1574 1421 noster
1617 1355 1880 1438 quidam
1931 1355 2138 1441 Μηδὲν
2188 1350 2363 1443 ἄγαν.
2460 1359 2586 1424 huc
2630 1361 2909 1444 pertinet
3264 1384 3323 1424 10

1257 1465 1519 1541 uterque
1568 1478 1832 1540 sensus,
1885 1460 2090 1524 Italus
2137 1479 2253 1525 seu
2299 1461 2556 1526 Dorius.
2591 1514 2615 1527 ,

1254 1560 1471 1640 fandi,
1525 1561 1817 1643 tacendi,
1872 1563 2109 1644 somni,
2164 1563 2430 1646 vigiliae
2476 1572 2577 1631 est
2620 1566 2882 1648 modus,

1254 1665 1708 1730 beneficiorum
1739 1718 1752 1748 ,
1804 1668 2184 1750 gratiarum,
2239 1667 2549 1749 iniuriae,

1059 1789 1148 1829 160
1257 1768 1483 1850 studii,
1537 1769 1863 1834 laborum:
1919 1771 2053 1835 vita
2097 1771 2161 1835 in
2207 1772 2379 1835 omni
2424 1771 2732 1856 quidquid
2779 1780 2908 1853 est,

1254 1871 1446 1936 istum
1495 1872 1761 1955 requirit
1803 1873 2083 1957 optimae
2129 1894 2376 1958 pausae
2423 1875 2703 1940 modum.
3266 1900 3323 1939 ιε

1255 1975 1425 2040 dixi:
1479 1975 1800 2041 recedam.
1897 1977 1980 2041 sit
2024 1976 2286 2042 modus:
2341 1978 2517 2043 venit
2564 1978 2830 2043 Thales,

2034 2218 2394 2284 THALES.

1257 2372 1546 2437 Milesius
1592 2392 1731 2436 sum
1779 2372 2052 2454 ThaleS,
2117 2393 2350 2454 aquam
2399 2375 2509 2456 qui
2552 2375 2908 2459 principem
3568 2398 3697 2459 (vn)
3740 2398 3838 2445 305

1256 2476 1445 2542 rebus
1491 2475 1787 2541 creandis
1831 2475 1999 2557 dixi,
2054 2483 2124 2541 ut
2166 2483 2349 2542 vates
2394 2478 2733 2543 Pindarus,

1060 2702 1150 2742 165
1257 2669 1496 2746 dedere
1540 2682 1894 2766 piscatores
1940 2688 2295 2748 extractum
2342 2684 2524 2747 mari.

1255 2804 1531 2866 namque
1578 2784 1645 2848 hi
1689 2784 1948 2850 iubente
1995 2785 2183 2851 Delio
2229 2806 2331 2851 me
2378 2786 2701 2869 legerant,

1256 2887 1426 2971 quod
1470 2889 1581 2953 ille
1628 2907 1860 2953 munus
1905 2889 2026 2953 hoc
2072 2888 2347 2974 sapienti
2392 2890 2674 2955 miserat.
3299 2913 3323 2948 5

1260 3012 1379 3074 ego
1426 3011 1732 3057 recusans
1777 3012 1902 3056 non
1946 2992 2160 3077 recepi
2205 2999 2271 3058 et
2313 2992 2568 3058 reddidi

1259 3095 1596 3161 ferendum
1641 3094 1728 3159 ad
1772 3095 1966 3178 alios,
2020 3116 2180 3179 quos
2224 3096 2471 3181 priores
2513 3096 2864 3162 crederem.

1059 3219 1151 3260 170
1260 3198 1408 3265 dein
1453 3221 1569 3284 per
1614 3219 1834 3265 omnes
1881 3206 2128 3285 septem
2177 3200 2505 3285 sapientes
2551 3200 2721 3266 viros

1258 3303 1523 3367 missum
1569 3323 1646 3368 ac
1691 3303 2028 3368 remissum
2073 3323 2293 3369 rursus
2341 3305 2427 3370 ad
2470 3325 2573 3369 me
2620 3304 2935 3372 deferunt.

1258 3427 1379 3489 ego
1424 3414 1747 3491 receptum
1795 3391 2166 3472 consecravi
2209 3408 2518 3492 Apollini.
3269 3431 3326 3471 10

1257 3531 1405 3574 nam
1452 3510 1508 3575 si
1554 3510 1914 3595 sapientem
1962 3511 2162 3592 deligi
2209 3511 2505 3576 Phoebus
2551 3511 2765 3592 iubet,

1258 3634 1384 3678 non
1428 3613 1751 3679 hominem
1797 3633 2218 3697 quemquam,
2273 3621 2372 3680 set
2418 3614 2609 3679 deum
2657 3614 2831 3679 credi
2879 3614 3082 3681 decet.

1059 3737 1151 3776 175
1258 3717 1314 3781 is
1359 3718 1555 3800 igitur
1599 3738 1722 3800 ego
1770 3737 1930 3782 sum.
2028 3736 2228 3782 causa
2275 3725 2376 3783 set
2417 3718 2483 3781 in
2532 3736 2832 3783 scaenam
2879 3718 3001 3783 suit

1258 3819 1417 3884 mihi
1462 3820 1854 3905 prodeundi,
1907 3840 2074 3903 quae
2119 3819 2369 3885 duobus
2415 3827 2564 3886 ante
2611 3841 2746 3900 me,

1257 3921 1548 3987 adsertor
1592 3929 1662 3988 ut
1708 3923 2064 3990 sententiae
2110 3924 2331 3989 fierem
2380 3943 2587 3989 meae.
3267 3946 3324 3996 ιε,

767 4145 860 4194 155
900 4147 1010 4194 Ter.
1054 4147 1209 4194 Andr.
1254 4148 1277 4193 1
1322 4146 1364 4206 1,
1408 4147 1470 4195 34
1520 4147 1615 4208 (61)
1839 4148 1932 4197 164
1974 4149 2120 4197 Pind.
2162 4150 2364 4210 Olymp.
2404 4150 2425 4195 1
2470 4148 2490 4196 1

767 4351 862 4400 149
899 4354 1086 4401 ariston
1122 4356 1160 4400 V
1198 4356 1237 4415 (s
1271 4352 1347 4402 m2
1384 4357 1436 4402 in
1473 4355 1593 4414 ras.)
1810 4357 2057 4403 extimant
2082 4354 2127 4402 P
2341 4354 2437 4404 150
2473 4356 2712 4403 orchistrc
2747 4357 2787 4401 V
2824 4357 2872 4418 (h
2906 4356 3001 4405 del.
3033 4355 3124 4418 m‘2)
3158 4357 3203 4403 P
3408 4359 3658 4406 maximus
3688 4359 3731 4404 P
3760 4359 3847 4418 Ua.

593 4438 680 4487 151
723 4440 1100 4501 quatuordecim
1149 4441 1221 4487 Ph
1270 4441 1354 4501 Ua.
1676 4440 1772 4491 152
1809 4442 2030 4489 obtimus
2085 4442 2126 4488 V
2173 4441 2320 4503 (corr.
2372 4439 2460 4502 m2)
2761 4441 2857 4490 153
2895 4425 3114 4498 annuis?
3149 4444 3190 4490 V
3229 4443 3284 4502 (ti
3320 4439 3435 4505 m2),
3488 4444 3713 4491 adnuisti
3759 4444 3848 4503 Uy.

594 4524 688 4573 154
725 4539 865 4587 porro
912 4525 1140 4573 ordinem
1186 4540 1462 4589 anonymus
1510 4530 1565 4577 in
1612 4528 1880 4594 exemplari
1924 4528 2323 4588 Vratislaviemi,
2379 4526 2451 4587 cf.
2504 4528 2681 4587 Peiper
2719 4529 2818 4575 267
3068 4530 3163 4578 iam
3211 4530 3319 4577 dixi
3364 4529 3418 4589 V,
3473 4529 3607 4576 dixit
3642 4529 3699 4590 P,
3755 4530 3852 4577 iam

589 4612 722 4659 dixit
756 4612 785 4658 h
1085 4613 1277 4660 dixisse
1315 4626 1380 4661 ex
1417 4615 1516 4661 isto
1552 4614 1657 4661 loco
1693 4614 1797 4661 aser
1834 4618 1978 4674 poeta
2017 4613 2223 4661 uidetur
2267 4613 2377 4674 U9.,
2434 4619 2581 4676 poeta
2617 4614 2740 4662 dixe
2776 4614 2936 4662 isthoc
2972 4615 3075 4664 loco
3113 4618 3235 4664 Aser
3272 4614 3472 4663 videtur
3507 4619 3674 4663 vester
3712 4614 3845 4662 Scul.

588 4698 728 4757 volyo
942 4698 1035 4747 155
1075 4677 1218 4746 affer‘
1247 4700 1288 4746 V
1323 4699 1362 4760 (t
1395 4695 1503 4760 m2),
1544 4700 1666 4746 affer
1694 4697 1739 4745 P
1950 4698 2045 4748 156
2086 4696 2277 4765 noster]
2315 4705 2486 4747 uester
2512 4699 2558 4745 P
2738 4700 2981 4761 mednagi
3012 4702 3053 4748 V
3091 4702 3140 4758 (d
3177 4715 3235 4748 ex
3273 4706 3291 4747 t
3326 4697 3414 4760 m2)
3613 4699 3706 4747 157
3749 4705 3853 4757 yta-

587 4784 667 4830 lus
705 4783 751 4829 P
1027 4784 1122 4833 158
1159 4786 1318 4834 somni
1370 4787 1572 4833 uicinus
1622 4786 1795 4834 modus
1840 4785 1934 4847 Vh,
1992 4787 2198 4834 uicinus
2247 4786 2423 4833 modus
2471 4787 2631 4834 somni
2672 4786 2717 4833 P
2755 4786 2871 4848 Ua„
2923 4787 3086 4835 somni
3138 4787 3339 4846 vigiliae
3387 4793 3464 4832 est
3513 4785 3688 4832 modus
3743 4785 3855 4832 Τοιι

594 4887 688 4936 160
722 4888 896 4936 homni
927 4889 979 4950 (h
1008 4888 1104 4937 del.
1129 4886 1221 4948 m2)
1262 4862 1507 4951 quidquid
1543 4890 1581 4934 V
1608 4891 1650 4949 (c
1671 4886 1761 4948 m2)
2000 4888 2091 4937 161
2134 4865 2237 4937 iatii
2273 4890 2314 4936 V
2354 4889 2386 4949 (i
2413 4887 2505 4948 m2)
2723 4889 2819 4938 162
2858 4891 2966 4951 dipi
3004 4888 3049 4936 P
3255 4895 3313 4936 ut
3350 4890 3418 4936 sit
3466 4886 3610 4937 Vcn.⁴
3643 4890 3786 4947 volyo

591 4974 741 5021 thalis
774 4974 816 5019 V
1022 4973 1116 5023 163
1154 4975 1332 5022 Thales
1370 4989 1482 5022 sum
1521 4973 1652 5023 Scal.
1693 4976 1836 5034 volvo
2046 4977 2330 5038 principem
2367 4975 2409 5020 V
2442 4975 2479 5036 (i
2512 4990 2590 5035 pr.
2636 4977 2690 5022 in
2725 4976 2849 5038 ras.)
3072 4973 3167 5022 164
3206 4976 3338 5021 uatis
3371 4975 3411 5019 V
3614 4974 3854 5035 pindarus

595 5060 636 5106 V
677 5060 729 5120 (u
766 5073 821 5107 ex
845 5061 862 5106 i
886 5061 963 5106 vel
987 5062 1054 5121 o),
1097 5061 1350 5121 pyndarus
1391 5060 1436 5106 P
1637 5065 1746 5120 post
1781 5076 1830 5109 υ.
1877 5059 1973 5111 164
2012 5061 2261 5108 intercidit
2297 5075 2498 5120 versus,
2540 5064 2779 5109 lacunam
2815 5064 2884 5108 sic
2918 5062 3124 5120 explevit
3161 5059 3290 5108 Scal.
3333 5061 3515 5120 cuique
3552 5060 3671 5107 olim
3709 5061 3854 5106 iussu

590 5146 838 5207 Apollinis
874 5147 1119 5207 tripodem
1156 5161 1363 5194 aureum
1578 5145 1672 5195 167
1715 5147 1803 5194 ille
1839 5161 1936 5194 om.
1980 5147 2052 5194 Ph
2099 5147 2188 5207 Uy.
2408 5146 2504 5196 168
2543 5148 2709 5208 recepi
2753 5148 2794 5194 V
2830 5147 2871 5204 (e
2909 5148 3000 5195 alt.
3040 5160 3098 5193 ex
3134 5148 3154 5193 i
3191 5142 3300 5205 m2),
3342 5145 3497 5205 recipi
3527 5144 3573 5190 P
3778 5141 3855 5210 et]

591 5232 677 5280 scd
723 5231 835 5294 Ua„
877 5238 928 5280 at
967 5232 1127 5293 Luyd.
1168 5234 1312 5294 volyo
1529 5232 1624 5282 170
1662 5234 1869 5281 homnes
1903 5234 1944 5280 V
1981 5234 2032 5292 (h
2069 5233 2162 5281 dcl.
2205 5229 2294 5294 m‘2)
2519 5232 2607 5280 171
2651 5233 2744 5281 hac
2771 5233 2809 5279 V
2848 5233 2897 5292 (h
2936 5232 3033 5280 del.
3063 5229 3178 5292 m2),
3219 5236 3271 5277 at
3304 5230 3350 5276 P
3555 5234 3776 5278 referant
3822 5231 3861 5276 V

596 5319 837 5378 (referunt
855 5320 894 5379 Ρ)
919 5355 931 5379 ,
974 5318 1209 5366 deferunt
1248 5318 1318 5365 Ph
1362 5319 1484 5379 Uy„
1539 5320 1769 5368 referunt
1805 5322 1949 5379 volyo
2233 5318 2327 5367 172
2367 5320 2582 5380 apolloni
2629 5320 2670 5366 V
2706 5319 2846 5381 (corr.
2884 5316 3003 5380 m‘l),
3057 5317 3240 5378 apolini
3281 5316 3326 5362 P
3364 5317 3446 5377 (cf.
3489 5330 3530 5362 c.
3572 5317 3659 5376 95,
3702 5318 3759 5376 73
3803 5333 3851 5363 υ.

589 5404 846 5452 Βὶωσὴιὶίἱ
886 5405 1070 5466 Opusc.
1115 5406 1292 5453 11493
1329 5411 1375 5453 et
1415 5404 1586 5454 Plaut.
1631 5405 1762 5453 Men.
1801 5407 1924 5464 871)
2142 5404 2236 5453 173
2275 5401 2345 5470 si]
2379 5404 2459 5452 his
2499 5406 2554 5466 P,
2595 5407 2639 5452 is
2684 5404 2774 5463 Uy.
2987 5404 3125 5462 diligi
3165 5438 3178 5452 .
3214 5439 3225 5450 .
3258 5437 3272 5451 .
3316 5402 3569 5449 hominem
3603 5415 3701 5449 om.
3751 5401 3791 5446 V

591 5491 755 5550 diligit
791 5492 966 5551 plebus
1009 5491 1066 5553 P,
1107 5491 1270 5552 delegi
1309 5492 1535 5540 Phoebus
1580 5492 1666 5552 Uy.
1907 5491 2001 5540 174
2039 5505 2324 5553 quenquam
2362 5491 2391 5537 h
2601 5491 2686 5539 sed
2728 5492 2797 5537 Ph
2843 5490 2931 5549 Uy.
3169 5487 3263 5535 175
3303 5488 3382 5534 his
3428 5487 3467 5534 V
3670 5481 3854 5549 igitur]

590 5578 676 5638 qui
713 5576 758 5623 P
798 5576 891 5636 Uy.
1118 5583 1197 5624 set
1241 5578 1280 5623 V
1313 5577 1359 5638 (d
1395 5575 1503 5640 m2),
1547 5579 1632 5626 sed
1670 5582 1758 5626 cet.
1992 5591 2190 5625 scenam
2235 5576 2322 5623 VP
2549 5576 2645 5625 176
2683 5577 2833 5625 michi
2874 5576 2919 5623 P
3140 5577 3184 5623 si
3220 5578 3343 5623 reete
3376 5586 3425 5620 sc
3461 5572 3601 5620 habet
3636 5571 3850 5628 duobus,

597 5662 813 5710 Thaleti.-
846 5677 1054 5722 persona
1090 5668 1207 5712 ante
1246 5663 1534 5712 Cleobulum
1569 5670 1638 5711 est
1673 5664 1964 5712 collocanda
1998 5668 2045 5711 et
2080 5680 2128 5710 v.
2174 5662 2268 5711 162
2303 5677 2396 5723 pro
2432 5662 2610 5711 Thales
2646 5661 2955 5711 scribendum
2992 5662 3132 5723 Bia83
3174 5675 3244 5708 an
3281 5661 3441 5707 tribus
3477 5672 3675 5719 quoque
3710 5659 3852 5705 resti·

592 5749 875 5799 tuendum?
1086 5749 1179 5800 177
1218 5755 1431 5798 assertor
1468 5750 1540 5798 Ph
1589 5750 1677 5812 Uy.
1892 5738 2026 5800 m⁰ae
2071 5750 2113 5795 V
2145 5751 2187 5810 (e
2225 5746 2333 5812 m2),
2376 5763 2455 5797 me
2494 5749 2537 5798 Ρ
