4630 6435
1465 458 2020 514 EPIGRAMMATA
2061 461 2898 527 (Lxxxvull—Lxxxxv).
3693 463 3813 523 221

1096 674 1122 712 5
1231 649 1346 715 sed
1392 648 1584 714 modo
1629 669 1794 733 quae
1838 649 2020 715 vobis
2066 650 2320 716 lucrosa
2366 651 2565 717 libido
2612 650 2897 733 videtur,

1401 753 1712 818 iacturam
1759 753 1939 818 senio
1984 773 2130 818 mox
2177 756 2491 820 subeunte
2537 754 2722 822 feret.

1228 855 1538 940 incipient
1580 876 1808 939 operas
1854 857 2147 923 conducti
2194 857 2475 925 vendere
2519 858 2801 940 moechi,

1402 979 1562 1043 quos
1606 960 1795 1025 modo
1840 961 2173 1027 munificos
2217 962 2368 1027 lena
2410 962 2673 1028 iuventa
2716 969 2914 1029 tenet.
2997 1008 3029 1026 ,1

1715 1324 2180 1390 LXXXXIIII.
2242 1325 2652 1392 DYSEROS.

1226 1497 1410 1561 Hanc
1452 1514 1596 1559 amo
1642 1515 1807 1578 quae
1851 1515 1954 1560 me
1998 1495 2168 1578 odit,
2221 1502 2443 1561 contra
2487 1496 2652 1563 hanc
2698 1516 2862 1579 quae
2907 1516 3009 1562 me
3054 1502 3229 1561 amat
3273 1495 3403 1560 odi.
3750 1513 3809 1562 91

1399 1618 1707 1682 compone
1752 1599 1920 1664 inter
1962 1618 2080 1664 nos
2126 1600 2181 1665 si
2227 1606 2409 1685 potes
2457 1600 2632 1666 alma
2677 1601 2918 1665 Venus.
3730 1600 3814 1661 (ω)

1234 1702 1576 1787 ‘perfacile
1620 1701 1689 1767 id
1734 1701 2001 1767 faciam:
2054 1722 2263 1770 mores
2309 1705 2569 1770 mutabo
2616 1711 2680 1769 et
2723 1722 2998 1768 amores.

1398 1806 1607 1873 oderit
1650 1806 1842 1885 haec,
1898 1812 2072 1871 amet
2113 1807 2322 1873 haec'.
2417 1826 2638 1873 rursus
2686 1807 2860 1872 idem
2907 1806 3138 1890 patiar.

1091 1931 1118 1971 5
1233 1910 1369 1976 ‘vis
1414 1910 1638 1975 ambas
1682 1918 1753 1976 ut
1796 1910 2051 1975 ames’?
2096 1910 2154 1975 si
2199 1910 2434 1994 diligat
2476 1918 2782 1994 utraque,
2837 1910 3093 1975 vellem.

1405 2013 1564 2078 ‘hoc
1607 2012 1723 2077 tibi
1767 2020 1837 2078 tu
1881 2020 2175 2098 praesta,
2228 2015 2478 2080 Marce:
2532 2022 2602 2080 ut
2644 2014 2916 2091 ameris,
2971 2015 3171 2077 ama’.

1812 2357 2204 2423 LXXXXV.
2262 2358 2564 2445 (IDEM).

1234 2528 1541 2608 suasisti,
1596 2529 1844 2611 Venus,
1900 2548 2082 2610 ecce,
2136 2529 2300 2595 duas
2346 2528 2615 2614 dyseros
2659 2536 2730 2594 ut
2772 2550 3078 2595 amarem.
3753 2546 3819 2593 90

1402 2631 1537 2697 odit
1582 2638 1886 2715 utraque:
1940 2633 2118 2699 aliud
2164 2632 2251 2699 da
2294 2633 2484 2698 modo
2531 2634 2889 2699 consilium.
3689 2632 3812 2693 (Vw)

1235 2735 1454 2800 ‘vince
1499 2735 1666 2801 datis
1712 2736 1990 2801 ambas’.
2086 2737 2307 2822 cupio,
2363 2757 2580 2804 verum
2626 2743 2769 2802 arta
2815 2736 2986 2802 domi
3032 2755 3160 2802 res.

1408 2840 1678 2924 ‘pellice
1723 2840 2107 2924 promissis'.
2200 2841 2383 2906 nulla
2427 2839 2587 2905 fides
2635 2840 2830 2925 inopi.

1095 2965 1122 3005 5
1235 2946 1590 3009 ‘antestare
1637 2942 1845 3008 deos'.
1941 2964 2068 3010 non
2114 2943 2215 3008 fas
2260 2944 2422 3009 mihi
2466 2944 2695 3010 fallere
2741 2942 2947 3008 divos.

1411 3046 1770 3130 ‘pervigila
1815 3054 1964 3113 ante
2011 3046 2234 3112 fores'.
2330 3054 2518 3112 nocte
2564 3047 2709 3131 capi
2754 3052 2990 3112 metuo,

1239 3150 1481 3215 ‘scribe
1528 3150 1804 3234 elegos’.
1899 3171 2149 3235 nequeo
2196 3152 2522 3217 Musarum
2568 3158 2633 3216 et
2679 3148 2998 3235 Apollinis
3044 3167 3300 3234 expete.

1409 3253 1671 3337 ‘frange
1718 3254 1944 3320 fores'.
2037 3274 2280 3340 poenas
2324 3254 2548 3321 iudicii
2594 3263 2831 3321 metuo,

1238 3358 1496 3438 ‘stulte‚
1550 3358 1631 3422 ab
1678 3377 1894 3422 amore
1939 3359 2099 3422 mori
2144 3357 2420 3442 pateris,
2472 3380 2602 3423 non
2649 3359 2748 3423 vis
2793 3359 2873 3424 ob
2920 3359 3267 3423 amorem'?

1067 3483 1121 3522 ιο
1404 3460 1577 3525 malo
1623 3459 1817 3526 miser
1863 3460 1991 3525 dici
2033 3481 2227 3542 quam
2273 3460 2471 3526 miser
2514 3468 2709 3544 atque
2753 3481 2925 3527 reus.

1239 3563 1448 3628 ‘suasi
1491 3563 1665 3645 quod
1710 3563 1916 3648 potui:
1976 3563 2107 3648 (tu)
2155 3563 2319 3628 alios
2366 3563 2554 3628 modo
2600 3564 2910 3629 consule’.
3009 3561 3115 3627 dic
3157 3582 3339 3643 quos.

1412 3667 1616 3750 ‘quod
1662 3666 1784 3732 sibi
1831 3673 2175 3733 suaserunt
2220 3667 2520 3732 Phaedra
2565 3673 2629 3732 et
2673 3666 2890 3731 Elissa
2935 3665 3213 3747 dabunt,

1229 3769 1403 3855 quod
1448 3771 1703 3836 Canace
1750 3770 2129 3855 Phyllisque
2176 3778 2241 3836 et
2284 3770 2576 3836 fastidita
2621 3769 2915 3835 Phaoni’.

1409 3874 1529 3939 hoc
1575 3873 1695 3939 das
1741 3874 2126 3940 consilium?
2171 3875 2302 3940 tale
2350 3874 2538 3940 datur
2581 3873 2860 3940 miseris,

567 4067 1382 4076 ———————-——ae

733 4187 1096 4238 Lxxxxlm.
1178 4187 1209 4236 6
1247 4187 1392 4236 Mart.
1438 4187 1506 4234 VI
1549 4185 1631 4250 11,
1674 4185 1735 4235 10
1771 4186 1964 4236 Marce:
2008 4193 2066 4237 ut
2100 4189 2300 4249 ameris,
2343 4202 2453 4236 ama

727 4486 840 4541 post
869 4497 918 4527 v.
950 4480 981 4529 6
1009 4483 1061 4528 in
1092 4477 1277 4545 T(m2)1
1300 4481 1455 4528 altera
1480 4486 1549 4529 cst
1577 4484 1830 4542 inscriptio
1869 4480 2009 4539 Quod
2034 4483 2134 4530 erit
2157 4483 2456 4532 exercitium
2481 4483 2729 4530 iuuenum
2754 4482 3053 4530 lasciuorum
3084 4480 3477 4542 (lasciuientium
3507 4480 3563 4541 E,
3593 4493 3692 4528 om.
3720 4481 3821 4538 mu)

562 4569 614 4615 in
653 4572 934 4627 senectute,
988 4570 1041 4615 in
1075 4567 1094 4612 ι
1129 4567 1226 4615 lac.
1270 4567 1417 4615 indic.
1701 4583 1751 4616 v.
1795 4567 1822 4615 7
1850 4582 1922 4629 sq.
1963 4582 2059 4616 om.
2100 4565 2153 4616 b²
2466 4567 2493 4615 7
2533 4568 2783 4630 incipiant
2821 4566 2922 4613 ΜΤ
3197 4565 3418 4614 moecchi
3465 4565 3521 4625 Τ,
3574 4565 3734 4612 mechi
3776 4563 3831 4611 M

563 4653 593 4702 8
630 4655 892 4703 munificos
934 4653 975 4699 Τ
1013 4654 1066 4715 (ιι
1103 4667 1160 4700 cx
1196 4653 1239 4714 ο)
1457 4651 1623 4720 tenet]
1659 4654 1800 4702 dabit
1840 4654 1881 4700 Τ

733 4740 1097 4788 Lxxxxml.
1174 4739 1234 4787 Iu
1272 4739 1488 4788 Marcum
1517 4740 1586 4802 M,
1630 4741 1705 4789 Ad
1743 4741 1962 4789 Marcum
1995 4738 2071 4804 1³³,
2113 4742 2192 4790 Ad
2229 4741 2450 4790 Marcum
2488 4743 2704 4790 amicum
2740 4742 2803 4790 de
2839 4741 3084 4791 discordia
3117 4754 3267 4802 quam
3303 4739 3455 4786 habet
3489 4751 3603 4785 cum
3641 4736 3829 4798 puellis

566 4822 821 4888 T(m2)v21·5
857 4827 964 4888 (qui
997 4827 1212 4874 habebat
1249 4826 1545 4875 discordiam
1582 4842 1695 4875 cum
1733 4828 1918 4890 puellis
1953 4831 2079 4888 mu),
2124 4830 2199 4876 De
2236 4830 2521 4877 conditione
2557 4843 2707 4891 quam
2744 4829 2895 4877 habet
2931 4842 3044 4876 cum
3080 4827 3267 4890 puellis
3302 4826 3361 4873 ad
3399 4824 3621 4872 Marcum
3658 4841 3709 4883 v,
3749 4823 3828 4872 Ad

564 4913 811 4960 Venerem
849 4908 1072 4979 δύσερως
1109 4911 1244 4960 Scal.
1286 4914 1430 4973 volgo
1644 4911 1665 4961 1
1707 4902 1874 4975 que¹¹¹⁰
1916 4913 1972 4960 Μ
2012 4916 2106 4975 (me
2140 4911 2256 4976 m2),
2293 4914 2341 4981 §f
2373 4916 2421 4976 (ιῑ
2456 4914 2601 4976 corr.)
2646 4929 2724 4962 me
2759 4914 2811 4976 T,
2856 4927 2985 4975 quae
3020 4927 3101 4961 me
3137 4918 3251 4973 σοι,
3292 4912 3527 4973 quoniam
3563 4924 3644 4958 me
3687 4905 3833 4958 ναι*

561 5000 707 5059 volgo
917 4997 949 5046 6
985 4994 1102 5063 hoc]
1137 5002 1196 5046 ut
1235 4998 1276 5045 Τ

740 5083 1049 5133 LXXXXV.
1127 5085 1331 5132 Diseros
1364 5084 1415 5147 V,
1457 5088 1775 5134 coniunctum
1801 5100 1912 5133 cum
1936 5086 2242 5135 antecedenti
2279 5082 2397 5148 wpss,
2440 5087 2568 5134 Item
2603 5087 2748 5146 volyo
2961 5083 2982 5133 1
3025 5097 3139 5134 ecoe
3172 5083 3224 5144 V,
3264 5083 3394 5131 alma
3419 5077 3523 5144 mp³
3722 5081 3829 5128 dis-

566 5184 672 5220 eros
704 5171 757 5232 V,
799 5172 1021 5231 glyceras
1048 5171 1274 5232 (eliceras
1306 5171 1356 5232 Τ)
1395 5168 1499 5233 cupi!
1708 5170 1738 5220 2
1775 5173 1903 5220 aliut
1936 5172 1976 5219 V
2003 5172 2051 5232 (d
2075 5170 2163 5234 m2)
2381 5172 2411 5221 3
2448 5173 2632 5234 euspio
2667 5172 2709 5220 V
2890 5176 3022 5220 arcta
3056 5170 3131 5236 Τχ
3154 5170 3292 5231 volvo
3502 5167 3533 5216 4
3571 5156 3833 5230 proml⁸sis

574 5257 613 5303 V
650 5259 693 5318 (s
730 5255 820 5318 m2)
1039 5243 1158 5304 11:1⁶⁸
1203 5257 1245 5304 V
1279 5257 1351 5319 (es
1387 5255 1478 5319 m2)
1694 5258 1723 5306 5
1761 5263 1998 5307 attestare
2047 5258 2120 5323 Vx
2155 5260 2312 5320 volyo,
2356 5262 2572 5307 atestare
2602 5257 2717 5319 TM,
2759 5262 3008 5307 antestare
3046 5271 3133 5317 eyo
3341 5257 3482 5304 nefas
3525 5255 3735 5317 (nephas
3767 5255 3827 5316 Τ)

567 5348 646 5390 est
669 5341 836 5400 codd„
869 5356 964 5390 nec
988 5344 1062 5390 fas
1089 5342 1135 5388 Ε
1154 5344 1314 5406 volpe,
1346 5356 1443 5392 non
1470 5344 1543 5392 fas
1568 5359 1656 5405 eqo
1833 5345 1949 5393 diuo
1982 5344 2035 5405 V,
2065 5345 2187 5393 duos
2217 5345 2272 5390 M
2458 5345 2485 5393 7
2512 5360 2579 5407 sq.
2612 5359 2708 5394 om.
2737 5344 2793 5391 Μ
2979 5343 3007 5392 7
3046 5343 3289 5404 apollonis
3321 5342 3364 5390 V
3389 5342 3420 5404 (i
3447 5356 3505 5390 ea:
3530 5356 3558 5391 o
3581 5345 3671 5391 alt.
3700 5338 3827 5404 m²);

566 5427 635 5488 cs.
680 5428 776 5476 XX
814 5430 910 5476 172
1120 5427 1150 5477 8
1188 5429 1315 5477 fores
1358 5431 1401 5477 V
1435 5430 1482 5492 (o
1516 5445 1575 5479 ex
1610 5445 1644 5479 u
1680 5428 1769 5491 πθ)
1984 5431 2169 5479 iudicis
2210 5431 2252 5477 Τ
2473 5429 2504 5479 9
2542 5445 2704 5480 amore
2749 5431 2792 5478 V
2832 5431 2873 5490 (a
2908 5444 2965 5478 ex
3002 5444 3029 5478 o
3064 5425 3158 5490 m2)
3370 5430 3432 5477 ob
3467 5411 3633 5477 amor-'e
3676 5427 3729 5487 V,
3772 5428 3834 5474 ab

567 5528 728 5562 amore
767 5510 870 5575 etp-‘⁵
1106 5513 1168 5564 10
1204 5516 1350 5563 mallo
1394 5516 1436 5562 V
1661 5522 1813 5578 atque
1858 5517 1898 5563 V
1938 5517 2074 5578 (tque
2108 5513 2183 5564 πθ
2217 5521 2272 5565 in
2305 5519 2429 5578 ras.)
2680 5515 2737 5565 11
2780 5530 2878 5578 quo
2922 5516 2962 5562 V
3188 5520 3245 5564 tu
3282 5514 3399 5565 add.
3443 5514 3502 5575 E,
3545 5530 3643 5563 om.
3683 5511 3825 5562 codd.

573 5598 630 5648 12
669 5601 888 5662 phaedra
923 5605 976 5648 et
1011 5601 1161 5649 elissa
1202 5602 1346 5660 (elisa
1391 5602 1446 5663 Τ)
1488 5603 1583 5651 tibi
1622 5601 1743 5650 d'ent
1778 5603 2014 5664 laqueum
2052 5608 2141 5651 aut
2176 5604 2399 5664 gladium
2437 5600 2542 5665 wp³
2782 5603 2949 5649 ellissa
2995 5602 3035 5648 V
3280 5601 3338 5651 13
3378 5603 3705 5663 praecipitem
3742 5614 3833 5661 pe-

567 5687 675 5747 lago
717 5687 933 5748 (pelagos
977 5687 1033 5748 Τ)
1077 5687 1160 5736 uel
1196 5688 1428 5736 leucados
1468 5689 1762 5751 (leuchsdos
1804 5689 1861 5750 T)
1906 5689 2037 5750 elige
2076 5704 2250 5752 rupem
2289 5686 2392 5752 wp³
2652 5690 2924 5751 phillisque
2970 5688 3010 5736 V
3248 5688 3505 5737 fastidiata
3540 5686 3751 5749 phaouis
3797 5685 3839 5733 V

570 5787 691 5821 corr.
732 5773 842 5821 Vin.
