4630 6435
767 423 838 484 21
855 423 894 483 6
2246 415 2553 473 AVSONII

1580 746 1849 811 LXXII.
1908 745 2002 810 IN
2046 745 2451 811 HOMINEM
2495 742 2747 810 VOCIS
2792 742 3215 810 ABSONAE.

1444 904 1745 968 Latratus
1792 902 2180 983 catulorum,
2233 899 2520 967 hinnitus
2564 899 2757 985 fingis
2803 919 3145 984 equorum,
3966 917 4030 966 76

1614 1004 2158 1090 caprigenumque
2202 1023 2403 1089 pecus
2448 1004 2898 1088 lanigerosque
2943 1022 3177 1087 greges
3934 1004 4029 1067 (V)

1441 1109 1663 1173 balatu
1710 1108 2091 1173 adsimulas.
2186 1107 2402 1173 asinos
2447 1127 2700 1190 quoque
2745 1107 2977 1173 rudere
3023 1106 3226 1186 dicas,

1616 1231 1758 1275 cum
1805 1211 1905 1277 vis
1949 1210 2332 1276 Arcadicum
2380 1210 2657 1294 fingere,
2711 1211 2960 1291 Marce,
3015 1229 3233 1295 pecus.

1311 1338 1336 1374 5
1442 1314 1764 1396 gallorum
1810 1321 2037 1380 cantus
2083 1321 2148 1379 et
2192 1319 2460 1379 ovantes
2503 1320 2762 1396 gutture
2808 1332 3029 1379 corvos

1616 1424 1680 1483 et
1722 1416 2036 1500 quidquid
2082 1436 2308 1482 vocum
2356 1417 2550 1483 belua
2597 1424 2662 1482 et
2706 1418 2844 1482 ales
2889 1417 3119 1496 habet,

1444 1520 1660 1585 omnia
1704 1541 1849 1585 cum
1897 1520 2163 1584 simules
2208 1519 2300 1584 ita
2344 1541 2531 1595 vere,
2587 1528 2655 1586 ut
2697 1521 2846 1585 ficta
2890 1527 3235 1604 negentur,

1618 1644 1744 1689 non
1791 1630 1975 1709 potes
2020 1623 2340 1687 humanae
2386 1623 2563 1688 vocis
2609 1622 2845 1688 habere
2892 1644 3140 1688 sonum.

1645 1865 1950 1930 LXXIII.
2003 1865 2117 1930 DE
2161 1864 2521 1930 AVXILIO
2569 1864 3162 1931 GRAMMATICO.

1449 2020 1808 2086 Emendata
1852 2027 2063 2105 potest
2104 2039 2427 2102 quaenam
2474 2040 2601 2085 vox
2645 2038 2790 2085 esse
2837 2019 3164 2102 magistri,
3941 2038 4035 2086 138

1619 2144 1850 2190 nomen
1895 2123 2004 2205 qui
2051 2122 2374 2207 proprium
2424 2142 2567 2188 cum
2614 2122 2769 2187 vitio
2814 2122 3135 2206 loquitur?
3939 2124 4030 2184 (V)

1449 2227 1777 2292 Auxilium
1823 2233 1886 2292 te
1933 2247 2163 2311 nempe
2209 2245 2436 2304 vocas,
2490 2225 2718 2291 inscite
2764 2227 3094 2308 magister.

1621 2331 1707 2396 da
1751 2337 1991 2397 rectum
2039 2350 2293 2395 casum:
2345 2329 2477 2393 iam
2524 2329 2885 2395 solicismus
2931 2331 3078 2396 eris,

1839 2570 2173 2635 LXXIIII.
2226 2570 2320 2635 IN
2366 2569 2956 2636 LIGVRITOREM
2966 2623 2979 2635 .

1450 2726 1629 2792 Eune
1674 2726 1829 2809 quid
1874 2726 2142 2791 affectas
2187 2724 2573 2791 vendentem
2620 2725 2922 2811 Phyllida
2965 2724 3237 2791 odores?
3944 2743 4034 2792 123

1620 2828 1854 2894 diceris
1897 2826 2066 2894 hanc
2109 2827 2391 2893 mediam
2439 2828 2758 2910 lambere,
2811 2849 2937 2893 non
2982 2829 3242 2894 molere.
3951 2831 4035 2891 (ω)

1449 2932 1777 3018 perspice,
1831 2953 1913 2998 ne
1960 2932 2190 2998 mercis
2236 2932 2470 2997 fallant
2513 2939 2576 2998 te
2622 2932 2914 3014 nomina,
2969 2934 3071 2998 vel
3118 2953 3200 2997 ne

1624 3042 1774 3101 aere
1821 3035 2160 3120 Seplasiae
2208 3033 2572 3120 decipiare,
2626 3056 2818 3118 cave,

1319 3162 1343 3198 ε»
1451 3140 1601 3205 dum
1651 3138 2040 3204 ΚΤΟΘΟΝ
2093 3138 2608 3223 KOCTONque
2655 3146 2844 3224 putas
2889 3139 3246 3204 communis
3291 3138 3504 3203 odoris

1626 3251 1690 3310 et
1734 3244 2005 3309 nardum
2053 3264 2130 3309 ac
2175 3243 2406 3309 sardas
2452 3264 2597 3309 esse
2644 3263 2872 3328 sapore
2918 3244 3079 3328 pari.

2099 3484 2362 3549 Lxxv.
2416 3484 2715 3570 (ITEM).

1454 3640 1729 3705 Diversa
1774 3638 2000 3704 infelix
2047 3645 2111 3704 et
2155 3638 2385 3704 lambit
2430 3645 2495 3704 et
2538 3638 2759 3703 olfacit
2804 3639 3046 3704 Eunus.
3658 3692 3671 3700 κ
3947 3659 4041 3709 124

1624 3743 2002 3808 dissimilem
2051 3743 2357 3810 olfactum
2404 3743 2578 3808 naris
2626 3750 2689 3808 et
2733 3743 2861 3808 oris
2907 3744 3123 3809 habet.
3955 3745 4039 3808 (ω)

2079 3983 2376 4049 LXXVI.
2439 3984 2739 4069 <ITEM>.

1457 4139 1764 4223 Salgama
1805 4159 1931 4203 non
1978 4138 2098 4202 hoc
2143 4144 2291 4203 suut
2337 4138 2506 4220 quod
2551 4139 2889 4204 balsama?
2932 4139 3141 4205 cedite
3184 4139 3434 4204 odores.
3950 4158 4046 4208 ¹25

1628 4261 1748 4307 nec
1793 4241 1961 4306 male
2007 4240 2181 4306 olere
2227 4240 2386 4305 mihi
2431 4260 2552 4307 nec
2595 4242 2759 4308 bene
2806 4243 2978 4307 olere
3024 4242 3260 4327 placet.
3964 4248 4040 4310 (ω)

960 4523 1173 4574 LXXII.
1251 4522 1283 4572 2
1320 4523 1466 4570 Ovid.
1508 4522 1627 4570 Met.
1670 4523 1740 4571 vl
1767 4520 1866 4568 395
1904 4521 2253 4581 lanigerosque
2291 4534 2469 4580 greges
2677 4520 2708 4568 5
2746 4521 2897 4580 Vei-g.
2938 4521 3115 4581 Georg.
3158 4523 3181 4568 1
3207 4520 3306 4569 423
3344 4525 3397 4569 et
3429 4525 3638 4568 ovantes
3675 4526 3881 4579 gutture
3917 4523 4046 4569 corvi

960 4610 1195 4660 Lxxvl.
1269 4608 1301 4658 2
1338 4608 1486 4658 Mart.
1526 4609 1576 4655 11
1619 4606 1698 4667 12,
1739 4607 1770 4656 4
1809 4607 2060 4669 Postume,
2106 4620 2203 4654 non
2240 4608 2371 4655 bene
2408 4608 2509 4655 olet
2545 4608 2633 4668 qui
2670 4608 2799 4655 bene
2836 4621 3031 4669 semper
3066 4609 3167 4655 olet

967 4870 1177 4920 Lxxn.
1260 4867 1281 4917 1
1324 4868 1459 4927 sagn
1507 4868 1561 4931 v,
1603 4867 1750 4927 fingis
1788 4865 1954 4926 naqa.
2167 4866 2199 4915 4
2237 4848 2345 4928 quii
2389 4867 2432 4914 v
2634 4865 2665 4914 θ
2702 4866 2853 4914 uolua
2887 4866 3005 4915 taus
3049 4866 3090 4915 v
3120 4880 3244 4917 oon.
3294 4866 3399 4914 Tou
3608 4865 3636 4914 -ι
3675 4850 3782 4928 qui-1
3826 4868 3869 4916 v

963 4957 1200 5005 LXXIII.
1281 4956 1358 5003 De
1393 4954 1610 5003 AusiliO.
1650 4967 1805 5013 gram.
1847 4954 1912 4999 m'
1954 4952 1996 4998 V
2025 4966 2147 5003 corr.
2193 4953 2327 5002 Scal.
2544 4951 2575 4999 3
2612 4954 2851 5001 ausilium
2899 4954 2940 5003 V

964 5042 1236 5091 LXXIIII.
1311 5042 1372 5089 In
1407 5040 1739 5101 ligurritorem
1779 5038 1852 5101 Μ,
1902 5040 1962 5087 In
2001 5040 2206 5087 Eunum
2243 5040 2554 5097 liguritorem
2600 5055 2639 5104 χ
2672 5041 2833 5101 velue,
2886 5040 3090 5088 nullum
3125 5041 3306 5089 lemma
3346 5040 3387 5087 T
3646 5038 3668 5087 1
3709 5042 3919 5103 phillida
3959 5040 4055 5089 ΤΜ

789 5130 821 5180 2
858 5132 1022 5179 dicere
1065 5130 1106 5175 T
1371 5128 1577 5176 mouere
1619 5126 1660 5173 Τ
1702 5127 1735 5187 (l
1768 5140 1845 5186 pr.
1888 5124 2004 5186 del.)
2290 5125 2323 5174 4
2360 5139 2443 5174 ere
2482 5124 2538 5171 Μ
2800 5127 2844 5174 sl
2881 5126 3038 5187 plasie
3075 5126 3186 5191 Μχ,
3227 5128 3302 5174 sic
3337 5126 3496 5188 plasie
3537 5126 3595 5187 T,
3636 5127 3881 5190 seplasiae
3917 5126 4045 5177 Med.

790 5216 820 5264 5
859 5218 1070 5274 kyecton
1106 5216 1381 5275 koctonque
1422 5213 1477 5260 Μ
1511 5213 1583 5275 (in
1613 5227 1715 5273 my.
1753 5227 1822 5261 m.
1863 5226 1958 5260 rec.
1999 5218 2168 5271 cyston
2208 5212 2495 5273 costonque)
2519 5249 2531 5273 ,
2584 5212 2780 5271 chytom
2817 5212 3138 5274 choctomque
3180 5213 3242 5275 T,
3289 5218 3463 5273 cycton
3500 5217 3773 5276 coctonque
3809 5231 3870 5273 v,
3920 5216 4051 5262 citou

797 5303 956 5361 (cyton
998 5301 1051 5359 Ε)
1098 5305 1369 5362 coctonque
1406 5304 1496 5349 cet.
1529 5300 1588 5360 E,
1632 5304 1810 5347 custon
1849 5303 2119 5361 costonque
2160 5297 2290 5347 Med.
2331 5299 2472 5358 volyo
2680 5300 2906 5347 comunis
2946 5297 3002 5345 Μ
3208 5299 3239 5347 6
3276 5313 3331 5348 sc
3368 5297 3595 5361 Mlvvw,
3634 5306 3722 5349 aut
3753 5315 3860 5359 mu,
3898 5305 3952 5348 et
3991 5300 4031 5347 T

968 5386 1177 5436 LXXV.
1264 5386 1593 5435 coniunctum
1628 5400 1744 5434 cum
1780 5386 2086 5434 antecedenti
2123 5401 2187 5449 ω,
2226 5388 2442 5433 seiunxit
2482 5383 2613 5447 Tou,
2654 5386 2713 5432 ln
2751 5386 2965 5433 cundem
3003 5386 3209 5433 Eunum
3243 5388 3386 5447 volyo
3594 5385 3626 5435 2
3663 5387 3908 5435 dissimile
3934 5386 3986 5433 M

796 5474 1010 5523 olfatum
1051 5488 1092 5520 ω

970 5558 1206 5610 LXXVI.
1284 5557 1363 5605 Ad
1412 5558 1628 5606 eundem
1681 5558 1918 5619 (eundem
1954 5572 2049 5608 om.
2091 5557 2143 5620 v)
2193 5557 2399 5606 Eunum
2448 5558 2578 5619 quod
2627 5559 2757 5606 nolit
2808 5558 3049 5620 (quinon
3088 5559 3292 5607 uolebat
3325 5576 3386 5621 v,
3435 5559 3568 5621 quod
3619 5571 3718 5607 non
3768 5559 3900 5607 uelit
3932 5556 4050 5618 0213)

795 5647 925 5695 bene
962 5659 1056 5695 nec
1093 5645 1221 5693 male
1262 5644 1406 5702 (male
1445 5657 1536 5691 nec
1572 5645 1701 5692 bene
1737 5643 1785 5705 v)
1828 5645 1958 5692 olere
1993 5643 2098 5709 χΕ,
2142 5645 2341 5694 nullum
2378 5647 2558 5693 lemma
2603 5644 2716 5706 TM,
2756 5646 2816 5693 In
2854 5646 3070 5693 eundem
3108 5647 3314 5694 Eunum
3359 5643 3505 5694 Van!
3535 5647 3679 5705 volyo
3889 5644 3909 5693 1
3953 5646 4054 5693 sal-

797 5745 973 5793 gsmon
1010 5732 1103 5779 hec
1140 5735 1260 5778 sunt
1298 5729 1353 5776 Μ
1558 5730 1589 5778 2
1628 5743 1720 5778 nec
1755 5732 1886 5779 benc
1926 5766 1938 5777 .
1973 5766 1984 5777 .
2021 5766 2032 5778 .
2074 5744 2166 5778 nec
2202 5731 2331 5779 male
2374 5730 2415 5777 T
