4630 6435
1803 429 2320 485 PROFESSORES
2362 430 2559 493 (XVI).
3722 434 3795 492 61

1066 619 1245 685 dedit
1289 627 1354 685 et
1396 619 1626 703 rapuit.
2083 642 2088 647 ·
2566 628 2630 686 et
2673 620 3010 684 conubium

1067 722 1424 788 solstitialis
2394 743 2456 783 45
2568 723 2784 788 nobile
2830 721 3069 788 soceris

897 848 957 885 35
1066 826 1244 891 velut
1286 826 1486 891 herba
1532 826 1725 907 solet,
2567 826 2704 892 sine
2751 847 2910 910 pace
2955 826 3157 909 patris

1066 936 1422 996 ostentatus
2566 938 2630 996 et
2674 929 2938 994 divitias

1065 1040 1415 1118 raptusque
1460 1033 1679 1112 simul,
2565 1033 2895 1116 utriusque
2942 1032 3171 1098 domus

1065 1138 1304 1222 pubere
1349 1135 1415 1200 in
1459 1156 1620 1201 aevo
2567 1136 2705 1202 sine
2751 1137 2987 1201 herede
3034 1144 3161 1202 tuo.

1067 1238 1410 1305 deseruisti
2398 1263 2458 1300 5ο
2566 1260 2757 1321 quam
2806 1239 3113 1323 fatiloquo

894 1363 957 1402 ιο
1067 1349 1215 1408 vota
1258 1349 1509 1406 tuorum
2566 1341 2735 1407 dicte
2782 1343 3036 1426 profatu

1064 1453 1128 1511 et
1171 1444 1551 1510 rhetoricam
2566 1465 2789 1510 versus
2835 1445 3090 1510 Horati:

1063 1549 1234 1614 floris
1279 1547 1481 1613 adulti
2566 1549 2723 1613 nihil
2772 1556 2871 1613 est
2913 1549 2994 1614 ab
3041 1548 3211 1613 omni

1064 1654 1250 1736 fruge
1296 1658 1618 1717 carentem
2569 1659 2750 1737 parte
2796 1652 3078 1717 beatum.

1008 1964 1072 2028 8.
1122 1962 1547 2027 LEONTIVS
1593 1963 2215 2029 GRAMMATICVS
2264 1961 2857 2028 COGNOMENTO
2905 1962 3339 2027 LASCIVVS.

1420 2132 1546 2210 Qui
1592 2134 1748 2199 colis
1794 2135 1998 2200 laetos
2044 2134 2409 2217 hilarosque
2455 2154 2696 2215 morea,
3530 2153 3621 2201 197
3668 2155 3804 2215 (vn)

1422 2237 1531 2320 qui
1578 2238 1718 2303 dies
1765 2238 1961 2304 festos
2007 2238 2148 2303 ioca
2194 2245 2347 2303 vota
2392 2238 2653 2317 ludum,

1421 2362 1702 2407 annuum
1750 2341 1949 2406 functi
1996 2362 2278 2407 memora
2325 2341 2555 2407 Leonti¹

1681 2445 1936 2510 nomine
1982 2445 2294 2511 threnum.

1289 2670 1314 2707 ⁵
1420 2650 1543 2715 iste
1590 2651 1905 2715 Lascivus
1950 2650 2206 2735 patiens
2251 2650 2468 2715 vocari

1421 2774 1653 2819 nomen
1697 2752 2032 2837 indignum
2079 2752 2396 2838 probitate
2444 2752 2615 2818 vitae

1421 2856 1646 2922 abnuit
1689 2876 2068 2939 numquam,
2125 2856 2278 2939 quia
2322 2862 2574 2940 gratum
2620 2856 2705 2920 ad
2750 2876 2940 2922 aures

1684 2967 1859 3025 esset
1903 2960 2166 3024 amicas.

1423 3166 1652 3234 litteris
1698 3173 1946 3233 tantum
1993 3166 2250 3233 titulum
2297 3165 2684 3246 adsecutu8‚

1259 3290 1314 3330 m
1422 3279 1702 3353 quantus
1748 3271 1904 3336 exili
1951 3271 2109 3336 satis
2136 3277 2254 3336 est
2299 3270 2677 3351 cathedrae,

1420 3381 1636 3459 posset
1678 3375 1958 3440 insertus
2003 3394 2268 3440 numero
2314 3382 2385 3440 ut
2430 3374 2635 3440 videri

1679 3479 2264 3562 grammaticorum.

1421 3690 1489 3749 tu
1538 3704 1720 3748 meae
1767 3703 2021 3768 semper
2065 3682 2277 3749 socius
2322 3683 2660 3760 iuventae,

1425 3787 1718 3871 pluribus
1764 3787 2060 3870 quamvis
2104 3788 2467 3853 cumulatus
2512 3786 2733 3864 annia,

1259 3913 1316 3952 15
1423 3911 1590 3955 nunc
1635 3911 1886 3974 quoque
1930 3891 1996 3955 in
2042 3891 2276 3955 nostris
2321 3891 2570 3955 recales
2617 3888 2957 3968 medullis,

1682 3995 1920 4060 blande
1967 3994 2191 4060 Leonti
2214 3996 2227 4057 !

1426 4209 1489 4265 et
1533 4200 1713 4266 iuvat
1758 4199 1923 4265 tristi
1970 4201 2297 4266 celebrare
2344 4219 2497 4264 cura

1424 4302 1705 4368 flebilem
1753 4310 2006 4367 cantum
2057 4304 2356 4368 memoris
2401 4304 2763 4385 querellae,

1424 4426 1656 4470 munus
1701 4407 2019 4489 ingratum
2067 4406 2180 4473 tibi
2229 4405 2643 4488 debitumque

1256 4528 1316 4570 -ιο
1685 4508 1964 4574 carmine
2009 4516 2245 4574 nostro.

726 4784 781 4839 7.
853 4787 917 4836 34
956 4789 1122 4836 Plaut.
1166 4789 1346 4836 Pseud.
1391 4790 1413 4836 1
1456 4789 1504 4848 1,
1546 4789 1609 4836 38
1631 4803 1704 4849 sq.
1747 4791 1891 4849 quasi
1929 4789 2207 4837 solstitialis
2243 4790 2397 4838 herba
2433 4790 2694 4851 paulisper
2729 4790 2834 4837 ful:
2878 4794 3087 4850 repente
3124 4794 3327 4835 exortus
3365 4803 3494 4848 sum,
3538 4790 3804 4852 repentino

549 4875 706 4922 occidi
917 4873 981 4921 36
1021 4875 1166 4934 Verg.
1210 4876 1339 4924 Aen.
1382 4876 1452 4922 vl
1492 4873 1592 4923 869
1629 4875 1896 4922 ostendent
1932 4877 2077 4923 terris
2113 4876 2246 4923 hunc
2284 4881 2480 4922 tantum
2520 4877 2622 4924 fata
2846 4875 2909 4922 53
2938 4889 3010 4935 sq.
3054 4875 3167 4922 Hor.
3212 4875 3373 4923 Carm.
3421 4874 3466 4921 11
3512 4873 3591 4935 16,
3633 4874 3696 4922 27
3726 4889 3801 4937 sq.

553 4961 681 5008 nihil
721 4967 799 5008 est
834 4961 894 5007 ab
930 4962 1066 5007 omni
1105 4967 1245 5022 parte
1282 4961 1485 5007 beatum

723 5040 783 5096 8.
855 5046 884 5094 5
926 5047 1044 5095 Hor.
1083 5044 1245 5094 Carm.
1291 5047 1313 5093 1
1350 5045 1402 5107 2,
1443 5045 1508 5094 43
1535 5060 1606 5106 sq.
1650 5047 1847 5105 patiens
1886 5047 2048 5093 vocari
2087 5045 2312 5094 Caesaris
2352 5047 2480 5093 ultor
2697 5045 2755 5094 18
2794 5046 2910 5094 lior.
2956 5045 3118 5093 Oarm.
3161 5046 3237 5092 111
3282 5043 3363 5107 11,
3405 5044 3463 5093 51
3496 5060 3570 5107 sq.
3618 5059 3805 5092 memo-

556 5145 655 5179 rem
698 5169 709 5180 .
744 5170 753 5180 .
786 5169 799 5182 .
844 5133 1116 5194 querellam

723 5391 787 5438 38
827 5392 1035 5452 puluere
1085 5392 1119 5436 V
1153 5405 1278 5441 corr.
1319 5393 1478 5453 Luyd.
1730 5390 1794 5439 «14
1834 5392 2045 5439 conubio
2089 5391 2129 5436 V
2163 5405 2287 5440 corr.
2331 5390 2464 5440 Scal.
2720 5389 2784 5438 45
2825 5391 2980 5438 nobili
3031 5389 3071 5435 V
3102 5403 3223 5439 corr.
3268 5389 3401 5439 θοαί.
3650 5391 3807 5437 soceri

550 5476 684 5525 θοαί.
727 5480 869 5537 volyo
1142 5477 1205 5525 53
1244 5479 1314 5526 nil
1355 5486 1434 5527 est
1469 5480 1528 5526 ab
1565 5481 1698 5525 omni
1747 5478 1799 5538 V,
1840 5479 1915 5525 nil
1952 5491 2016 5525 ex
2056 5479 2192 5524 omni
2230 5479 2479 5538 Heinsius,
2523 5478 2592 5524 nil
2631 5483 2711 5525 est
2746 5479 2879 5524 omni
2923 5476 2980 5525 L.
3027 5475 3253 5535 Mueller,
3294 5476 3422 5525 nihil
3462 5481 3540 5524 est
3575 5477 3635 5522 ab
3671 5475 3807 5523 omui

565 5564 696 5625 Vin„
740 5563 866 5626 quod
904 5568 1070 5611 tuetur
1106 5563 1175 5614 M.
1221 5565 1367 5612 Hertz
1405 5566 1555 5613 Anal.
1599 5565 1719 5613 Hor.
1767 5565 1886 5610 1111
1930 5566 1991 5612 15
2029 5563 2145 5611 adn.
2191 5568 2213 5610 1

725 5647 784 5701 8·
861 5641 1043 5721 Beat'q
1072 5650 1109 5696 V
1136 5653 1207 5710 (in
1243 5664 1343 5709 my.
1372 5647 1446 5696 m2
1471 5657 1624 5698 metro
1649 5650 1860 5712 sasflco),
1899 5651 2138 5696 Lascivus
2181 5650 2421 5697 Graevius
2634 5648 2663 5695 3
2702 5631 2836 5695 anns}
2870 5649 2922 5708 V,
2964 5662 3188 5696 annuum
3222 5649 3387 5707 [κυφά.
3601 5644 3631 5693 4
3670 5646 3806 5694 trhe·

551 5749 670 5783 num
717 5736 757 5782 V
963 5736 992 5781 5
1033 5724 1124 5782 'ste
1173 5736 1214 5782 V
1253 5738 1284 5783 (i
1322 5731 1410 5798 m2)
1631 5734 1689 5784 13
1727 5748 1866 5783 mace
1915 5736 1955 5781 V
2163 5734 2222 5783 14
2261 5735 2531 5781 cumulatis
2579 5734 2616 5780 V
2649 5747 2773 5784 corr.
2821 5732 2983 5791 Luqd.
