4630 6435
1583 442 2148 500 EPIGRAMMATA
2187 445 2665 511 (LVIII—LXV).
3626 452 3750 513 213

1982 840 2255 905 LXIIII.

1166 1011 1563 1078 vallebanae
1608 1015 1797 1096 (nova
1839 1033 1943 1080 res
1989 1022 2054 1079 et
2098 1013 2208 1079 vix
2252 1013 2578 1080 credenda
2621 1016 2861 1100 poetis,
3688 1036 3754 1085 69

1339 1115 1455 1181 sed
1500 1138 1667 1200 quae
1712 1117 1794 1183 de
1841 1137 1996 1182 vera
2040 1117 2348 1202 promitur
2389 1118 2674 1200 historia)
3670 1123 3751 1182 (ω)

1167 1218 1508 1284 femineam
1556 1220 1622 1284 in
1668 1221 1948 1305 speciem
1995 1221 2309 1287 convertit
2354 1221 2681 1286 masculus
2725 1222 2866 1287 ales

1339 1343 1637 1409 pavaque
1684 1324 1766 1390 de
1812 1345 1982 1408 pavo
2029 1325 2313 1391 constitit
2359 1332 2511 1391 ante
2558 1326 2800 1390 oculos.

1031 1446 1057 1485 ⁵
1165 1426 1374 1493 cuncti
1419 1426 1817 1493 admirantur
1859 1435 2239 1509 monstrum,
2298 1429 2415 1494 sed
2460 1428 2712 1494 mollior
2756 1450 2930 1512 agna

1166 1633 1322 1717 quid
1366 1633 1585 1699 stolidi
1629 1632 1717 1699 ad
1761 1633 2041 1719 speciem
2089 1642 2277 1701 notae
2323 1634 2628 1701 novitatis
2672 1635 2975 1701 hebetis?

1338 1757 1423 1802 an
1470 1756 1584 1802 vos
1631 1737 1912 1803 Nasonis
1958 1738 2242 1804 carmina
2286 1760 2415 1804 non
2460 1738 2722 1822 legitis?

1165 1840 1455 1906 Caenida
1499 1841 1814 1907 convertit
1854 1843 2069 1927 proles
2115 1842 2421 1908 Saturnia
2466 1842 2715 1909 Consus

1002 1962 1057 2003 ιο
1338 1944 1770 2029 ambiguoque
1815 1945 1937 2010 fuit
1981 1966 2241 2031 corpore
2285 1945 2597 2011 Tiresias.

1165 2046 1328 2112 vidit
1374 2046 1746 2112 semivirum
1793 2048 1936 2113 fons
1982 2048 2301 2114 Salmacis
2346 2047 2985 2133 Hermaphroditum,

1337 2148 1500 2216 vidit
1540 2151 1886 2216 nubentem
1934 2151 2180 2217 Plinius
2225 2151 2693 2237 androgynum.

1165 2274 1285 2319 nec
1331 2252 1492 2319 satis
1536 2254 1900 2338 antiquum,
1955 2254 2129 2338 quod
2174 2255 2508 2341 Campana
2553 2255 2619 2320 in
2664 2256 3037 2321 Benevento

1339 2377 1507 2424 unus
1552 2358 1945 2442 epheborum
1991 2358 2173 2443 virgo
2217 2366 2482 2445 repente
2527 2358 2670 2425 fuit.

1003 2482 1059 2522 ιε,
1170 2462 1320 2526 nolo
1365 2467 1579 2527 tamen
1625 2462 1861 2528 veteris
1907 2462 2288 2528 documenta
2331 2481 2659 2528 arcessere
2705 2463 2952 2529 famae:

1342 2584 1491 2630 ecce
1537 2584 1660 2647 ego
1705 2584 1849 2631 sum
1897 2565 2106 2632 factus
2152 2564 2396 2632 femina
2439 2565 2522 2632 de
2565 2585 2787 2652 puero,

1735 2911 1932 2976 LXV.
1985 2911 2078 2975 IN
2122 2908 2506 2976 MARCVM.

1166 3083 1534 3167 Pythagora
1579 3082 1941 3168 Euphorbi,
1995 3101 2258 3167 reparas
2302 3080 2415 3163 qui
2459 3082 2708 3148 semina
2751 3102 2960 3148 rerum
3689 3105 3754 3153 70

1338 3185 1837 3273 corporibusque
1884 3185 2068 3253 novis
2115 3186 2235 3253 das
2280 3185 2552 3253 reduces
2597 3185 2884 3268 animas,
3666 3190 3745 3252 (ω)

1165 3291 1270 3357 dic
1317 3291 1473 3376 quid
1518 3291 1640 3357 erit
1685 3293 1939 3357 Marcus
1984 3291 2114 3356 iam
2161 3290 2298 3356 fata
2343 3290 2697 3356 novissima
2741 3291 3030 3376 functae,

1338 3394 1394 3459 si
1437 3394 1662 3461 redeat
1706 3395 1904 3460 vitam
1950 3412 2172 3459 rursus
2218 3393 2284 3458 in
2330 3393 2595 3458 aeriam.

1032 3520 1058 3556 r,
1175 3498 1316 3580 ‘qui
1360 3498 1696 3563 Marcus'?
1741 3498 1904 3563 feles
1950 3517 2154 3581 nuper
2197 3496 2481 3581 pullaria
2524 3495 2766 3576 dictus,

1340 3600 1621 3686 corrupit
1662 3606 1864 3666 totum
1911 3598 2021 3682 qui
2068 3598 2318 3684 puerile
2363 3617 2585 3680 secus,

1165 3723 1509 3789 perversae
1553 3705 1808 3770 veneris
1853 3704 2102 3789 postico
2148 3704 2412 3769 volnere
2457 3701 2698 3783 fossor,

1342 3807 1548 3873 Lucili
1594 3806 1764 3874 vatis
1807 3806 2120 3893 -1-subpilo
2166 3806 2629 3891 pullopremus.

1174 3915 1338 3975 ‘non
1380 3915 1638 3991 taurus,
1697 3931 1825 3976 non
1869 3909 2085 3975 mulus
2131 3905 2282 3988 erit,
2340 3929 2464 3974 non
2509 3907 3032 3992 hippocamelus,

1005 4036 1060 4074 ιο
1342 4032 1470 4078 non
1517 4032 1711 4099 caper
1753 4019 1866 4079 aut
1910 4012 2117 4097 aries,
2171 4011 2290 4078 sed
2338 4011 2727 4078 scarabaeus
2773 4011 2944 4079 erit‘.

507 4209 776 4215 Q
809 4211 896 4214 74—
931 4210 978 4215 ..-
1007 4207 1322 4215 --μᾼ

672 4329 888 4378 ann.
968 4326 1030 4377 12
1067 4328 1200 4376 Plin.
1243 4328 1302 4376 N.
1347 4328 1410 4376 H.
1457 4329 1552 4376 VII
1589 4327 1656 4375 36

671 4621 876 4670 anll.
950 4620 1151 4669 nullum
1174 4622 1354 4669 lemma
1380 4635 1422 4669 ω
1633 4621 1774 4679 Quae
1811 4635 1991 4669 sexum
2028 4622 2272 4669 mutarint
2309 4619 2429 4668 Par.
2456 4622 2601 4680 volvo
2818 4620 2837 4668 1
2882 4611 3081 4683 iot‘jares
3115 4634 3194 4679 m,
3245 4619 3429 4669 iocares
3464 4636 3495 4667 υ
3537 4621 3571 4676 (i
3607 4634 3664 4667 ex
3699 4621 3752 4682 n)

500 4709 683 4756 locares
707 4711 821 4769 σοι,
864 4720 994 4756 nova
1015 4720 1096 4756 rea
1125 4706 1237 4754 Tell
1445 4707 1476 4754 3
1515 4709 1814 4756 foemineam
1847 4708 1889 4754 Τ
2096 4708 2125 4756 5
2164 4703 2274 4775 sed]
2311 4709 2355 4755 si
2379 4707 2619 4756 Heinsius
2827 4707 2860 4755 6
2894 4720 2991 4755 om.
3022 4721 3064 4755 ω
3091 4708 3184 4755 lac.
3211 4709 3401 4768 partim
3435 4706 3574 4768 ind.;
3616 4706 3759 4755 deest

506 4793 546 4840 Τ
569 4796 624 4843 in
646 4809 747 4855 my.
778 4796 960 4855 ηιὶπίος
999 4796 1059 4841 in
1095 4791 1261 4856 Ven.³‚
1300 4809 1448 4856 quam
1471 4797 1624 4843 secuti
1648 4799 1767 4842 aunt
1791 4798 1936 4842 ceteri
1961 4794 2185 4854 editores,
2216 4794 2291 4840 hic
2313 4810 2365 4844 v.
2393 4795 2574 4854 ἱερέων
2595 4794 2778 4841 Astitit
2801 4794 2856 4840 in
2882 4799 3113 4842 tenerum
3138 4794 3200 4842 de
3224 4807 3373 4854 grege
3397 4806 3545 4841 uersa
3571 4806 3757 4841 marem

502 4879 529 4927 7
567 4880 702 4942 quod
734 4880 830 4927 ΤΜ
1018 4886 1163 4929 nocte
1190 4879 1248 4927 M
1434 4880 1568 4930 hetia
1597 4881 1658 4943 Τ,
1698 4880 1895 4929 habetis
1917 4885 2033 4942 cet„
2075 4881 2272 4929 hebetia
2301 4880 2421 4928 Par.
2617 4893 2799 4928 consus
2830 4879 2871 4926 Τ
2898 4879 2951 4941 (n
2977 4893 3035 4926 ex
3058 4881 3116 4943 rl)
3319 4877 3381 4932 10
3418 4880 3760 4941 ambiguaque

508 4967 548 5014 Τ
582 4968 726 5030 (corr.
755 4965 843 5029 111¹)
1082 4966 1331 5026 thyresiae
1360 4967 1412 5030 Τ,
1455 4968 1668 5026 tyresiaa
1697 4966 1754 5014 M
1984 4965 2039 5016 11
2083 4967 2285 5014 salmeis
2315 4966 2359 5013 Τ
2590 4965 3003 5014 hermon-editum
3029 4964 3087 5012 M
3330 4964 3393 5014 12
3434 4965 3759 5026 androginum

508 5053 605 5102 ΤΜ
817 5050 879 5101 15
916 5067 1164 5103 arceacere
1206 5054 1264 5116 Τ,
1307 5067 1558 5103 accersere
1593 5069 1632 5119 χ
1846 5052 1907 5104 16
1944 5054 2161 5101 foemina
2203 5052 2245 5098 Τ

670 5139 831 5190 LXV.
905 5140 984 5189 Ad
1020 5141 1342 5203 Pythagoram
1380 5139 1443 5189 de
1480 5141 1645 5189 Marco
1681 5142 1771 5203 qui
1807 5141 2066 5188 dicebatur
2100 5138 2317 5202 pullaria
2350 5155 2388 5204 χ
2421 5143 2468 5187 et
2502 5140 2641 5200 υοιρο
2685 5139 2793 5199 (om.
2836 5140 2924 5200 qui
2962 5137 3011 5186 d.
3054 5137 3153 5198 p.),
3206 5138 3284 5185 De
3319 5138 3552 5199 opinione
3588 5137 3759 5185 Pithe-

499 5257 611 5303 gore
635 5249 687 5292 et
711 5243 863 5292 Marci
885 5241 1030 5311 ρρῖμ,
1071 5245 1271 5292 aunum
1295 5245 1474 5293 Imma
1506 5244 1608 5292 ΤΜ
1817 5242 1838 5293 1
1880 5244 2134 5306 pictagora
2159 5242 2246 5302 My
2269 5246 2315 5290 et
2338 5259 2383 5310 μ
2412 5241 2516 5304 (νηί)
2725 5240 2758 5289 4
2795 5255 2987 5290 aeream
3019 5242 3061 5288 Τ
3268 5240 3299 5291 5
3334 5215 3453 5304 quit}
3496 5242 3537 5288 Τ
3575 5242 3619 5303 (a
3643 5239 3758 5303 m2),

499 5331 615 5391 quis
649 5333 763 5392 cet„
806 5330 894 5392 qul
931 5329 1108 5379 Hand
1316 5331 1465 5380 fellea
1506 5331 1547 5377 Τ
1756 5330 1788 5379 6
1826 5343 1973 5378 secus
2012 5325 2171 5389 ⁸99²,
2214 5311 2361 5378 ffecus
2391 5328 2432 5374 Τ
2462 5327 2502 5388 (a
2522 5341 2601 5389 pr.
2631 5329 2845 5377 mutavit
2871 5331 2926 5376 in
2950 5343 2981 5388 g
3003 5325 3095 5390 ¹112,
3136 5326 3220 5375 ud
3242 5340 3302 5376 ια
3336 5327 3495 5377 deleta
3531 5329 3561 5376 d
3586 5340 3761 5390 auper-

501 5416 737 5478 neu-ipsit),
776 5429 930 5464 sexus
965 5433 1010 5484 μ
1052 5416 1223 5476 (decus
1257 5413 1367 5479 ηιῖ),
1408 5418 1560 5466 decus
1596 5417 1682 5481 χΕ
1940 5415 1968 5463 7
2008 5416 2221 5463 uulnere
2263 5415 2305 5462 Τ
2568 5415 2598 5464 8
2635 5413 2794 5463 lucilii
2831 5429 2874 5462 ω
3147 5415 3244 5462 sub
3279 5415 3383 5476 pilo
3420 5413 3559 5479 (pilio
3600 5415 3656 5476 Ε)
3695 5430 3756 5476 ω,

501 5503 680 5551 subulo
720 5501 850 5551 Med.
891 5504 1066 5563 vol903
1105 5503 1286 5550 lakene
1320 5503 1614 5551 vocabulum
1650 5502 1892 5550 Graecum
1928 5502 2074 5563 quale
2109 5506 2179 5549 cst
2217 5496 2491 5567 συβάλλας,
2534 5495 2735 5566 ὐβάλης
2759 5498 2898 5559 apud
2921 5500 3255 5563 Hesychium?
3461 5500 3601 5563 pullo
3627 5500 3762 5563 (pulo

505 5588 589 5650 Ty)
627 5602 825 5652 premor
866 5586 1059 5652 TM992,
1101 5570 1241 5653 pull&
1279 5581 1472 5650 premor
1505 5604 1547 5655 μ
1594 5589 1626 5649 (i
1651 5592 1696 5635 et
1720 5604 1750 5634 v
1774 5586 1886 5650 m2)‚
1930 5587 2068 5648 pullo
2106 5600 2313 5649 premon
2336 5588 2436 5653 χΕ,
2482 5587 2831 5648 pullopremus
2855 5600 2959 5647 eqo,
3001 5588 3301 5649 pullipremo
3327 5586 3387 5636 L.
3420 5586 3627 5634 Mueller
3668 5586 3751 5647 (ef.

501 5673 663 5723 lucil.
702 5676 794 5724 rel.
828 5690 881 5736 ρ.
925 5674 1067 5738 284),
1121 5676 1423 5739 pulliprema
1458 5675 1592 5724 θοαὶ.
1630 5675 1800 5736 υοιρο,
1841 5674 2157 5735 culopremua
2195 5673 2445 5722 Baehrens
2686 5671 2718 5720 9
2755 5671 3152 5734 hyppone-melus
3195 5673 3264 5737 T,
3319 5673 3669 5736 yppocamelua
3707 5671 3764 5719 M

510 5760 567 5810 10
607 5762 890 5811 scarabains
933 5761 974 5808 T
