4630 6435
1917 462 2378 517 PROOEMIVM.
3549 462 3776 526 XXIII

3801 665 3897 706 co.d
3927 664 4140 704 Paminu

691 683 893 749 codex
937 684 1385 765 Patavinus,
1439 684 1546 768 qui
1593 691 1771 749 extat
1799 685 1866 748 in
1897 684 2211 750 ecclesiae
2243 684 2636 750 cathedralis
2668 684 3019 750 Patavinae
3049 683 3481 768 bybliotheca
3535 685 3736 750 chart.
3752 675 3855 766 ,ἔγ
3859 717 3918 757 ω
3939 676 4188 757 00010'23,

517 804 760 870 formae
805 804 1155 884 maximae,
1211 803 1352 869 foll.
1405 808 1524 886 33,
1589 805 1933 887 insignitus
1979 826 2240 870 numero
2288 805 2337 871 O
2387 810 2492 869 64.
2585 804 2711 869 duo
2754 804 2823 868 in
2868 805 2988 869 hoc
3032 803 3194 869 libro
3240 804 3583 869 consociati
3629 811 3777 870 sunt

516 925 808 1005 codices,
874 943 1033 1008 quos
1092 923 1243 989 olim
1307 924 1656 990 disiunctos
1717 924 1919 990 fuisse
1980 946 2058 990 ex
2114 925 2238 1003 eis,
2307 945 2473 1007 quae
2521 927 2573 989 Ι.
2626 926 2698 988 P.
2750 923 3180 989 Thomasinus
3225 924 3393 989 Bibl.
3445 925 3588 989 Pat.
3638 924 3686 988 f.
3739 926 3775 988 8

517 1045 635 1109 col.
677 1048 714 1107 2
761 1050 827 1110 et
869 1045 1086 1110 Iustus
1131 1043 1528 1109 Fontaninus
1574 1044 1738 1110 Hist.
1792 1045 1886 1110 lit.
1938 1045 2220 1127 Aquilei.
2271 1045 2318 1110 l.
2357 1046 2387 1109 I
2432 1066 2487 1109 c.
2525 1045 2623 1109 111
2669 1066 2731 1129 p.
2772 1046 2854 1107 49
2898 1044 3298 1125 rettulerunt,
3349 1044 3772 1127 intellegitur.

514 1172 706 1248 atque
752 1165 989 1246 altero,
1045 1164 1152 1247 qui
1196 1185 1364 1230 nunc
1411 1165 1853 1249 complectitur
1897 1164 1943 1230 f.
2003 1170 2201 1243 1—6‚
2257 1165 2657 1231 continentur
2699 1163 3074 1229 Maximiani
3121 1164 3409 1247 elegiae,
3463 1184 3630 1245 quae
3674 1165 3778 1229 in-

514 1286 875 1351 scribuntur
942 1284 1350 1349 ‘Maximiani
1406 1291 1635 1369 poetae
1693 1284 1966 1351 illustris
2027 1285 2408 1369 opusculum
2469 1285 2550 1349 de
2595 1285 2735 1350 eius
2780 1285 2929 1351 Vita
2972 1291 3037 1350 et
3082 1285 3478 1366 Senectute',
3546 1286 3769 1363 altem,

513 1405 560 1470 f.
613 1409 902 1487 71—26'‚
957 1405 1227 1471 Ausonii
1271 1406 1616 1489 opuscula,
1685 1427 1850 1490 quae
1897 1413 2199 1471 secuntur
2242 1404 2520 1490 paginae
2568 1404 2868 1471 undecim
2913 1425 3180 1471 vacuae.
3277 1406 3598 1490 excerptis
3640 1405 3776 1470 illis

510 1546 718 1609 neque
774 1525 1099 1610 inscriptio
1160 1526 1294 1590 ulla
1352 1526 1607 1592 adiecta
1651 1533 1749 1592 est
1805 1529 2014 1607 (manu
2063 1525 2320 1592 demum
2366 1524 2736 1591 recentioris
2781 1524 3015 1590 aetatis
3061 1525 3128 1590 in
3173 1523 3219 1588 f.
3274 1529 3335 1587 7r
3379 1525 3774 1608 adscriptum

512 1653 610 1711 est
672 1646 1061 1712 ‘Ausonius’
1122 1647 1455 1727 alteraque
1514 1666 1708 1711 manu
1777 1645 2078 1729 ‘Opera')
2147 1666 2359 1727 neque
2420 1644 2825 1730 subscriptiO.
2942 1665 3333 1728 quamquam
3393 1651 3607 1710 autem
3671 1644 3775 1710 hic

512 1766 676 1850 liber
733 1787 816 1831 ex
876 1767 1123 1833 duobus
1182 1766 1507 1831 codicibus
1567 1767 1966 1832 consociatus
2026 1772 2157 1847 est,
2224 1774 2468 1846 tamen,
2537 1766 2692 1850 quin
2753 1771 3020 1849 uterque
3080 1766 3163 1830 ab
3226 1766 3450 1832 eodem
3511 1766 3774 1832 librario

511 1886 787 1972 scriptus
854 1888 969 1968 sit,
1045 1887 1298 1952 omnino
1365 1886 1643 1952 dubitari
1702 1909 1830 1953 non
1891 1894 2121 1973 potest.
2216 1886 2302 1951 ad
2363 1887 2638 1952 eundem
2697 1893 2861 1952 teste
2922 1886 3247 1968 Morelli0,
3325 1887 3435 1969 qui
3495 1885 3774 1953 indicem

512 2007 699 2073 huius
759 2008 1207 2092 bybliothecae
1268 2007 1573 2091 confecit,
1641 2007 1959 2073 referendi
2022 2014 2170 2073 sunt
2227 2006 2481 2073 codices
2544 2008 2593 2073 C
2642 2010 2743 2071 74.
2799 2012 2903 2071 75.
2961 2010 3062 2088 77,
3131 2007 3190 2069 D
3238 2010 3342 2070 43.
3437 2027 3514 2072 ac
3576 2007 3773 2072 libros

511 2128 560 2193 C
608 2133 686 2191 74
735 2135 799 2192 et
845 2132 924 2190 75
973 2128 1345 2194 exaravisse
1391 2130 1647 2194 Petrum
1695 2128 2070 2193 Baroccium
2117 2128 2517 2211 intellegitur
2560 2148 2640 2193 ex
2687 2126 2816 2208 eis,
2884 2146 3051 2209 quae
3110 2126 3223 2193 ille
3268 2127 3335 2191 in
3381 2127 3507 2193 fine
3554 2148 3772 2193 eorum

509 2247 853 2332 adscripsit
918 2252 1073 2331 ‘ego
1117 2257 1339 2333 petrus
1383 2249 1712 2313 baroccius
1757 2249 2051 2333 patritius
2097 2255 2367 2314 uenetus
2411 2247 2667 2332 incoepi
2714 2298 2727 2312 .
2771 2298 2784 2311 .
2831 2297 2845 2311 .
2889 2246 3194 2326 absolui',
3260 2246 3532 2312 adiectis
3577 2247 3772 2312 simul

510 2367 791 2448 dierum,
855 2368 1088 2451 quibus
1152 2387 1306 2433 usus
1366 2374 1505 2434 erat
1562 2368 1627 2432 in
1674 2369 1777 2434 his
1825 2368 2005 2434 libris
2052 2368 2566 2448 conscribendis,
2631 2367 2912 2433 numeris
2959 2374 3025 2433 et
3066 2366 3132 2431 in
3180 2367 3400 2432 codice
3448 2372 3527 2431 74
3574 2388 3764 2451 ann0,

508 2489 618 2570 qui
677 2488 799 2553 fuit
856 2506 1343 2553 mccccnxvnn.
1455 2496 1645 2554 natus
1703 2490 1761 2554 is
1806 2489 2094 2555 Venetiis
2155 2509 2219 2553 a.
2269 2507 2710 2554 mccccxxn1
2772 2488 3112 2573 episcopus
3173 2494 3426 2553 creatus
3485 2494 3584 2553 est
3644 2488 3770 2554 Be·-

508 2608 796 2674 lunensis
864 2630 924 2673 a.
993 2627 1494 2689 mccchxvnn,
1577 2609 1812 2676 deinde
1880 2610 2231 2676 Patavinus
2296 2631 2359 2674 a.
2425 2626 3016 2689 mccccnxxxxvn,
3100 2628 3225 2690 quo
3292 2627 3555 2673 munere
3622 2629 3769 2673 cum

506 2750 622 2813 per
680 2729 909 2812 viginti
970 2727 1107 2795 fere
1166 2749 1368 2795 annos
1429 2730 1689 2812 egregie
1750 2729 2008 2795 functus
2061 2734 2267 2811 esset,
2335 2728 2493 2794 obiit
2549 2750 2609 2793 a.
2670 2748 2873 2793 ann
2932 2729 3193 2794 ineunte
3260 2727 3363 2807 (cf.
3414 2729 3485 2791 P.
3538 2728 3769 2793 Bembi

507 2849 676 2913 Hist.
741 2850 900 2915 Ven.
970 2850 1013 2913 l.
1075 2850 1246 2931 VII).
1357 2850 1696 2935 descripsit
1750 2851 1920 2915 hunc
1978 2850 2264 2916 codicem
2325 2848 2804 2914 accuratissime
2860 2848 2937 2913 F.
3005 2847 3374 2928 Corradini,
3447 2848 3769 2932 professor

509 2969 888 3047 PatavinuS,
967 2977 1159 3053 atque
1225 2971 1290 3034 in
1357 2990 1544 3035 usum
1612 2991 1825 3035 meum
1893 2970 2158 3035 contulit
2221 2970 2421 3035 verba
2479 2969 2765 3051 Graeca,
2839 2989 3006 3052 quae
3073 2968 3141 3034 in
3206 2969 3326 3033 hoc
3393 2968 3612 3035 codice
3674 2969 3769 3034 le-

504 3097 742 3172 guntur
799 3090 1043 3172 omnia,
1112 3097 1178 3156 et
1236 3091 1600 3156 Gratiarum
1660 3091 1997 3157 actionem.
2109 3098 2445 3175 praeterea
2505 3090 2628 3154 Th.
2680 3091 3032 3154 Mommsen
3093 3090 3443 3173 scripturas
3504 3089 3568 3154 in
3628 3089 3769 3173 epi-

504 3211 878 3292 grammatis
945 3211 1220 3295 aliquot,
1296 3211 1360 3275 in
1431 3210 1802 3277 Precatione
1871 3212 2218 3294 matutina,
2293 3210 2568 3295 denique
2625 3210 2692 3276 in
2753 3210 3048 3295 epistulis
3111 3210 3262 3274 IIII.
3326 3210 3503 3275 XVI.
3570 3209 3764 3275 XXII

504 3330 809 3395 enotavit.

3823 728 3908 807 'yffi
3937 770 4019 819 (Ρ)

3788 3431 3884 3471 cod.
3912 3430 4153 3471 Perusinus

681 3451 884 3517 codex
917 3451 1328 3517 Perusinus
1358 3452 1809 3535 bybliothecae
1839 3452 2137 3536 publicae
2165 3453 2203 3517 J
2243 3456 2363 3516 102
2407 3453 2486 3532 (n.
2536 3454 2788 3534 15922),
2845 3451 3072 3529 chart„
3128 3449 3367 3515 formae
3398 3449 3751 3531 oblongae:
3788 3483 3814 3521 J
3846 3484 3919 3523 ιω
3946 3487 4032 3533 (μη

507 3569 645 3635 foll.
707 3575 849 3636 143.
944 3571 1067 3637 fuit
1111 3573 1294 3654 olim,
1346 3570 1414 3636 id
1460 3572 1629 3655 quod
1674 3593 1756 3637 ex
1800 3572 2214 3658 inscriptione
2255 3572 2324 3636 in
2370 3570 2418 3634 f.
2475 3576 2532 3633 1¹
2575 3570 3007 3653 intellegitur,
3060 3569 3429 3635 monasterii
3476 3570 3545 3633 S.
3596 3569 3765 3634 Petri

505 3691 828 3773 Perusini,
907 3693 1199 3774 signatus
1264 3712 1525 3758 numero
1578 3697 1718 3756 124.
1815 3713 2008 3776 quam
2074 3713 2208 3758 rem
2274 3691 2540 3775 insuper
2604 3710 2722 3755 sua
2787 3710 2980 3755 manu
3045 3696 3317 3756 testatus
3385 3697 3484 3755 est
3544 3691 3764 3754 Simon

501 3811 920 3894 Franciscus,
996 3812 1281 3877 notarius
1349 3813 1717 3878 monasterii
1783 3813 1985 3878 sancti
2044 3811 2252 3894 Petri,
2329 3811 2429 3876 cui
2497 3810 2554 3875 is
2613 3810 2776 3876 liber
2830 3811 3180 3876 obvenerat
3238 3831 3318 3877 ex
3380 3817 3762 3876 testamento

501 3932 827 3997 Francisci
872 3931 1268 3997 Maturantii.
1366 3933 1766 3998 continentur
1823 3953 1899 3999 eo
1951 3932 1995 3996 f.
2054 3935 2308 3995 1Τ-521Γ
2352 3930 2621 3995 Ausonii
2682 3932 3028 4016 opuscula,
3094 3951 3359 4013 quorum
3419 3931 3487 3996 in
3547 3929 3753 3995 fronte

502 4050 662 4116 haec
726 4052 965 4136 scripta
1025 4059 1205 4117 sunt:
1281 4052 1586 4118 ‘Ausonii
1645 4053 2026 4136 burdigalae
2074 4052 2358 4118 Sassatis
2404 4051 2637 4117 Medici
2695 4071 2772 4117 ac
2831 4058 3060 4135 poetae
3117 4051 3549 4136 praeceptoris
3594 4050 3762 4115 Gra-

503 4171 658 4236 tiani
692 4173 1101 4257 Imperatoris
1131 4173 1617 4258 Epigrammata
1662 4180 1727 4238 et
1755 4173 2085 4258 Epistolae
2130 4194 2257 4238 non
2301 4173 2522 4238 nullae
2567 4171 2930 4256 incipiunt',
2983 4171 3051 4236 in
3095 4170 3222 4236 fine
3276 4172 3479 4236 ιτέλος»
3524 4169 3628 4235 σὺν
3676 4176 3762 4256 τῷ

504 4293 631 4378 θεῷ
680 4287 791 4357 ὑπὸ
837 4294 1148 4358 νεανίσκου
1193 4290 1347 4366 τινὸς
1404 4294 1731 4376 (νεανίσκου
1776 4291 1929 4367 τινὸς
1973 4294 2039 4359 in
2073 4313 2201 4358 ras.
2244 4313 2441 4357 manu
2485 4291 2650 4368 alia3
2705 4291 2987 4357 deletum
3034 4299 3134 4357 est
3178 4291 3315 4357 sine
3363 4291 3556 4357 dubio
3602 4290 3758 4355 scri-

504 4413 621 4478 bae
680 4415 934 4496 nomen)
1003 4415 1358 4500 περουσίνου
1418 4415 1751 4500 γραφέντος
1811 4418 1872 4479 ἐν
1929 4416 2001 4498 τῇ
2064 4410 2396 4478 ὀυϊκεντῖαε
2466 4450 2548 4459 —-
2594 4411 2859 4477 Finiunt
2918 4432 2998 4477 ea
3057 4412 3325 4477 Ausonii
3371 4413 3761 4494 Fragmenta

498 4553 663 4615 quae
715 4532 940 4598 inuida
999 4541 1227 4599 cuncta
1273 4535 1612 4600 corrodens
1658 4540 1945 4599 uetustas
1991 4533 2078 4599 ad
2122 4553 2353 4599 manus
2398 4538 2648 4597 nostras
2696 4532 2915 4597 uenire
2961 4531 3305 4615 permisit'.
3402 4531 3757 4596 Ausonium

499 4653 825 4737 excipiunt
868 4654 1291 4736 Prudentius,
1360 4655 1640 4720 Serenus
1685 4653 2128 4718 Sammonicus
2150 4703 2165 4734 ,
2232 4653 2385 4717 alia.
2480 4652 2547 4715 in
2591 4651 2884 4734 margine
2929 4671 3122 4716 manu
3170 4650 3396 4717 eadem
3443 4672 3757 4716 nonnum-

499 4794 690 4854 quam
738 4774 1140 4840 coniecturae
1188 4773 1542 4858 adspersae
1589 4780 1757 4838 sunt.
1837 4779 1982 4857 post
2026 4772 2073 4836 f.
2112 4776 2148 4834 5
2196 4771 2521 4838 intercidit
2565 4792 2758 4837 unum
2806 4771 3053 4851 folium,
3107 4791 3231 4853 quo
3272 4770 3759 4836 continebantur

498 4913 554 4958 e.
613 4894 864 4959 XVIIII
911 4915 1015 4958 vv.
1067 4898 1301 4976 4—12‚
1355 4915 1411 4960 e.
1466 4893 1928 4972 XX—-XXIII,
1983 4893 2243 4957 XXIIII
2288 4914 2396 4958 vv.
2457 4897 2700 4956 1—10:
2754 4890 2822 4956 in
2866 4912 2925 4955 e.
2980 4893 3018 4953 2
3064 4912 3124 4954 v.
3180 4897 3217 4954 5
3272 4892 3424 4955 ‘Est
3466 4890 3644 4956 iocus
3690 4890 3755 4953 in

496 5014 763 5096 nostris,
833 5020 980 5079 sunt
1038 5014 1207 5080 seria
1259 5015 1464 5079 multa
1526 5013 1793 5079 libellis'
1857 5034 2049 5078 manu
2108 5012 2448 5079 recentiori
2506 5012 2797 5077 adiectus
2859 5018 2978 5076 est.
3072 5011 3271 5075 verba
3329 5011 3579 5075 Graeca
3636 5009 3755 5073 hoc

494 5133 711 5200 codice
773 5136 1178 5200 continentur
1234 5135 1470 5200 omnia.
1564 5140 1860 5198 accurate
1906 5153 2053 5199 eum
2101 5133 2441 5216 descripsit
2483 5132 2565 5196 G.
2618 5133 2850 5197 Loewe
2897 5136 2961 5195 et
3004 5138 3259 5215 praeter
3303 5130 3558 5196 Graeca
3603 5150 3755 5194 con-

492 5255 640 5320 tulit
686 5256 1050 5321 Gratiarum
1095 5256 1434 5321 actionem.

665 5377 867 5442 codex
916 5376 1205 5460 Regius
1264 5374 1716 5459 bybliothecae
1761 5375 1964 5438 musei
2013 5373 2400 5453 Britannici,
2471 5373 2838 5455 Kings-Ms.
2894 5375 3012 5451 31,
3079 5372 3386 5453 membr,
3439 5370 3578 5436 foll.
3633 5349 4064 5493 52.„3‘;‘¹,.·13⁸-¹2¹¹⁹·

496 5497 899 5562 continentur
954 5518 1031 5562 eo
1091 5497 1231 5562 sola
1274 5494 1544 5560 Ausonii
1605 5495 1935 5579 opuscula
2031 5494 2096 5558 in
2142 5493 2348 5558 fronte
2396 5493 2541 5559 libri
2588 5493 2751 5557 haec
2795 5492 3093 5574 leguntur
3159 5491 3462 5556 ‘Ausonii
3508 5491 3745 5554 Poetae
3773 5453 3816 5545 1ἵει
3815 5453 4004 5554 ''ds“

497 5617 916 5683 Disertissimi
984 5617 1174 5681 Liber
1232 5615 1573 5680 Foeliciter
1632 5614 1920 5698 Incipit,
1986 5614 2051 5677 in
2111 5613 2238 5677 fine
2306 5612 2532 5684 ΔΟΕΑ
2592 5612 2852 5694 Hyadn⁸
2915 5611 3037 5675 Die
3097 5628 3244 5674 xxn
3291 5609 3506 5675 Martii
3559 5612 3744 5671 1175.

491 5737 873 5820 Compleui’.
969 5756 1046 5800 ex
1095 5736 1362 5800 (lraecis
1408 5735 1642 5798 desunt
1687 5736 1759 5797 E.
1814 5734 1937 5796 XII
1990 5756 2093 5797 vv.
2146 5737 2432 5806 :lo-45,
2489 5733 2563 5795 E.
2617 5731 2815 5804 xlll,
2889 5732 2961 5793 Ε.
3017 5730 3208 5793 XIIII
3258 5734 3535 5793 25—33.
3632 5728 3750 5792 de-
