4630 6435
1689 409 2114 465 EPISTVLAE
2154 410 2417 475 (XXIIII.
2456 409 2660 471 XXV).
3685 416 3796 477 191

1223 598 1381 679 ista,
1436 607 1534 666 set
1579 600 1767 665 unius
1811 607 2057 666 tantum
2103 607 2237 666 tua.
2334 621 2612 685 namque
2659 621 2778 685 ego
2824 621 3080 686 semper

1225 710 1521 768 contenta
1567 704 1816 769 cervice
1861 704 2085 769 feram.
2183 711 2471 770 consorte
2518 705 2809 770 laborum

1227 807 1541 872 destituor
1583 826 1701 872 nec
1745 813 1876 871 tam
1924 816 2288 892 promptum
2334 815 2592 891 gestata
2635 808 2886 874 duobus

1227 930 1423 975 unum
1470 909 1807 976 deficiente
1854 910 1994 995 pari
2039 910 2322 995 perferre
2370 911 2694 977 sodalem:

1059 1032 1122 1073 25
1228 1032 1354 1077 non
1398 1012 1652 1077 animus
1696 1012 1995 1096 viresque
2042 1015 2295 1094 labant,
2353 1015 2469 1080 sed
2515 1014 2734 1098 iniqua
2781 1014 3045 1081 ferendo

1230 1115 1516 1181 condicio
1563 1122 1662 1181 est
1706 1116 1917 1197 oneri,
1973 1137 2118 1181 cum
2165 1137 2398 1182 munus
2445 1124 2782 1199 utrumque
2826 1119 3049 1184 relicto

1230 1219 1469 1303 ingruit
1514 1220 1957 1303 acceduntque
2003 1220 2257 1285 alienae
2304 1220 2594 1305 pondera
2639 1221 2869 1287 librae.

1231 1323 1325 1387 sic
1372 1342 1520 1407 pars
1565 1343 1766 1405 aegra
1810 1322 2087 1388 hominis
2132 1323 2331 1388 trahit
2374 1324 2459 1389 ad
2505 1324 2807 1406 contagia
2852 1344 3077 1390 sanum

1233 1446 1461 1510 corpus
1509 1433 1573 1491 et
1618 1426 1835 1508 exigui
1883 1426 2178 1508 quamvis
2225 1426 2591 1492 discrimine
2637 1429 2903 1493 membri

1065 1549 1125 1589 :30
1232 1534 1367 1593 tota
1411 1548 1526 1611 per
1570 1529 1939 1595 innumeros
1986 1536 2162 1595 artus
2208 1550 2499 1614 conpago
2546 1531 2833 1595 vacillat.

1234 1631 1470 1697 obruar
1511 1651 1715 1714 usque
1761 1639 2011 1715 tamen,
2067 1633 2303 1699 veteris
2350 1653 2431 1698 ne
2479 1634 2650 1700 desit
2695 1634 2889 1700 amici

1236 1750 1337 1799 me
1386 1735 1658 1800 durante
1703 1735 1865 1802 fides
1911 1737 2305 1818 memorique
2352 1744 2422 1802 ut
2466 1737 2596 1802 fixa
2641 1739 2760 1804 sub
2807 1730 2984 1803 aevo*

1235 1838 1579 1904 restituant
1621 1839 1961 1924 profugum
2005 1878 2093 1887 —-
2138 1840 2382 1904 solacia
2427 1859 2614 1906 cassa
2656 1878 2742 1887 —-
2788 1842 3100 1906 sodalem.

1148 1994 1154 1999 .
1234 1949 1541 2024 quantum
1588 1943 1986 2008 oblectamen
2033 1942 2288 2027 populi,
2346 1963 2511 2026 quae
2556 1949 2707 2009 vota
2752 1945 3059 2009 bonorum
3241 1968 3300 2005 as

1070 2066 1131 2105 :35
1238 2051 1495 2129 sperato
1541 2043 1843 2111 fraudata
1888 2046 2098 2111 bono‘?
2142 2046 2464 2128 gratantia
2509 2048 2717 2113 cuncti

1238 2149 1440 2214 verba
1484 2149 1928 2230 loquebantur.
2020 2148 2150 2213 iam
2197 2149 2456 2214 nomina
2499 2157 2720 2215 nostra
2764 2152 3080 2235 parabant
3241 2174 3302 2213 4⁰

1236 2252 1520 2317 inserere
1564 2251 1846 2334 antiquis
1892 2251 2038 2317 aevi
2083 2252 2366 2317 melioris
2411 2253 2659 2320 amicis.

1242 2354 1514 2420 cedebat
1554 2354 1876 2438 Pylades,
1928 2355 2202 2439 Phrygii
2246 2375 2497 2439 quoque
2542 2357 2752 2439 gloria
2796 2358 2943 2424 Nisi

1242 2458 1370 2522 iam
1416 2458 1623 2523 minor
1667 2465 1731 2524 et
1774 2458 2091 2544 promissa
2137 2459 2364 2524 obiens
2408 2461 2777 2526 vadimonia
2819 2463 3094 2528 Damon.

1075 2583 1137 2621 40
1245 2580 1362 2625 nos
1410 2561 1795 2626 documenta
1841 2561 2052 2644 magis
2097 2561 2352 2645 felicia,
2405 2562 2625 2647 qualia
2669 2583 2944 2647 magnus

1248 2664 1467 2748 Scipio
1513 2664 1944 2748 longaevique
1991 2665 2171 2730 dedit
2215 2666 2536 2751 sapientia
2580 2668 2794 2733 Laeli:
3250 2691 3312 2731 ⁴5

1247 2787 1363 2831 nos
1409 2766 1641 2833 studiis
1687 2766 2048 2849 animisque
2092 2768 2301 2833 isdem
2349 2769 2662 2835 miracula
2706 2771 2987 2853 cunctis,

1248 2870 1367 2936 hoc
1411 2870 1690 2952 maiora,
1746 2890 1935 2955 pares
1982 2871 2222 2936 fuimus
2269 2872 2443 2955 quod
2489 2872 2750 2958 dispare
2795 2874 2859 2939 in
2906 2895 3090 2940 aevo.

1248 2974 1425 3039 ocius
1469 2974 1588 3039 illa
1628 2974 1765 3058 iugi
1811 2974 2036 3040 fatalis
2081 2976 2332 3041 solvere
2377 2976 2515 3042 lora

1080 3099 1143 3138 45
1252 3079 1587 3143 Pellaeum
1634 3077 1922 3163 potuisse
1968 3077 2196 3144 ducem
2243 3099 2420 3161 reor,
2473 3078 2698 3145 abdita
2741 3080 2981 3164 opertis

1250 3180 1579 3266 principiis
1624 3188 1690 3248 et
1732 3188 2001 3264 utroque
2048 3188 2241 3267 caput
2287 3182 2568 3249 celantia
2611 3184 2800 3249 nodo.
3257 3207 3316 3248 50

1252 3284 1496 3367 grande
1543 3285 1809 3368 aliquod
1855 3286 2119 3351 verbum
2165 3285 2464 3351 nimirum
2511 3286 2825 3368 diximus,
2882 3294 2952 3352 ut
2996 3308 3067 3354 se

1252 3388 1517 3453 inferret
1561 3387 1777 3453 nimiis
1823 3388 2063 3454 vindex
2107 3388 2508 3454 Rhamnusia
2550 3390 2756 3456 votis:

1256 3490 1612 3556 Arsacidae
1660 3498 1730 3556 ut
1773 3491 2095 3573 quondam
2145 3491 2317 3575 regis
2363 3513 2491 3557 non
2536 3493 2711 3558 laeta
2753 3493 3097 3577 triumphis

1089 3617 1147 3654 50
1256 3594 1530 3677 grandia
1572 3595 1772 3660 verba
1815 3614 2115 3679 premens
2161 3595 2360 3660 ultrix
2405 3594 2531 3660 dea
2573 3596 2827 3661 Medica
2869 3597 3026 3662 belli

1256 3696 1483 3763 sistere
1530 3697 1951 3781 Cecropidum
1997 3697 2064 3762 in
2110 3697 2299 3764 terris
2345 3707 2758 3765 monumenta
2802 3700 3060 3784 paranti
3261 3725 3320 3762 55

1258 3800 1504 3866 obstitit
1547 3807 1612 3866 et
1658 3800 1853 3867 Graio
1897 3800 2027 3866 iam
2072 3801 2202 3865 iam
2249 3800 2511 3885 figenda
2555 3809 2815 3888 tropaeo

1258 3904 1425 3968 ultro
1472 3904 1667 3970 etiam
1712 3904 1897 3970 victis
1944 3904 2242 3970 Nemesis
2288 3904 2463 3970 stetit
2504 3905 2721 3971 Attica
2764 3906 3000 3972 Persis.

1260 4026 1428 4088 quae
1472 4006 1589 4072 tibi
1634 4007 2011 4073 Romulidas
2056 4027 2354 4092 proceres
2398 4028 2638 4073 vexare
2683 4007 2884 4075 libido
2932 4015 3076 4076 est‘?

763 4323 828 4372 22
867 4324 1017 4382 Verg.
1061 4324 1240 4380 Georg.
1285 4323 1356 4369 ΙΙΙ
1399 4320 1495 4369 536
1533 4325 1768 4369 contenta
1804 4321 1995 4369 cervice
2202 4320 2263 4368 41
2313 4320 2434 4370 Hor.
2468 4319 2574 4371 Sat.
2618 4323 2663 4369 11
2708 4321 2752 4383 1,
2796 4321 2858 4370 72
2900 4325 3060 4370 virtus
3086 4324 3347 4386 Scipiadae
3384 4329 3436 4372 et
3472 4325 3610 4372 mitis
3647 4327 3849 4387 sapien-

597 4413 664 4458 tia
702 4412 838 4458 Laeli
1047 4408 1110 4458 47
1152 4409 1304 4468 Verg.
1346 4408 1474 4458 Aen.
1516 4407 1565 4455 X
1605 4407 1702 4455 547
1741 4408 1941 4456 dixerat
1976 4407 2065 4454 ille
2101 4407 2291 4468 aliquid
2331 4421 2565 4466 magnum

768 4683 827 4733 21
870 4684 957 4732 sed
1003 4682 1045 4728 P
1260 4681 1324 4730 22
1363 4685 1771 4729 *nucontenta
1805 4685 1840 4747 β
2059 4680 2123 4729 23
2164 4680 2405 4729 distituor
2441 4680 2486 4728 P
2704 4677 2831 4748 tam]
2867 4683 2968 4730 iam
3006 4682 3247 4732 Heinsius
3454 4687 3704 4745 promtum
3748 4683 3791 4728 V

598 4777 734 4830 gesta
764 4771 806 4818 P
834 4767 996 4830 Ven.⁴,
1040 4775 1222 4818 testata
1244 4772 1322 4834 βπ
1509 4766 1574 4815 24
1612 4767 1863 4815 defitienti
1893 4766 1936 4813 P
2120 4769 2390 4815 deficiente
2419 4768 2534 4828 (om.
2567 4773 2745 4829 unum)
2777 4769 2875 4815 alio
2901 4769 3064 4816 solum
3089 4770 3312 4831 perferre
3336 4769 3554 4830 iugalem
3588 4770 3680 4829 (—le
3704 4769 3753 4834 β)
3777 4771 3855 4833 βπ

598 4857 664 4906 25
701 4858 875 4904 lauant
911 4872 951 4906 π
1183 4855 1268 4904 sed
1310 4853 1393 4903 Ρπ
1624 4868 1725 4902 non
1762 4855 1952 4902 animos
1990 4855 2331 4916 uir-eoquens
2357 4853 2562 4902 leuatur
2598 4860 2676 4903 set
2713 4846 3093 4916 inhffasserendo
3128 4858 3164 4919 β
3406 4854 3471 4904 26
3508 4853 3753 4903 condictio
3790 4855 3848 4915 P,

598 4944 816 4991 conditio
854 4958 894 4991 π
1103 4943 1267 4990 oneris
1291 4940 1336 4987 P
1374 4937 1532 5000 Ven.⁴‚
1576 4940 1753 4987 honeri
1778 4943 1813 5003 β
2022 4955 2136 4987 cum
2167 4922 2338 5001 (qvum
2372 4941 2427 5003 V)
2453 4942 2648 5002 pondus
2682 4941 2767 4988 VP
2787 4942 2949 5004 volq0‚
2990 4955 3106 4989 cum
3134 4954 3320 4989 munus
3345 4944 3394 5006 β,
3439 4940 3719 4988 communis
3745 4955 3786 4988 π

600 5018 771 5078 reli⁰to
818 5030 859 5077 V
892 5028 932 5088 (c
957 5025 1042 5088 m2)
1260 5026 1322 5075 27
1363 5028 1557 5075 aliaena
1587 5029 1622 5091 β
1832 5025 1894 5074 28
1932 5027 2163 5074 homines
2201 5027 2244 5074 P
2453 5030 2574 5075 trait
2623 5027 2663 5074 V
2866 5041 3045 5075 saxum
3083 5041 3126 5076 π
3335 5025 3402 5076 29
3438 5022 3675 5092 membri]
3709 5028 3854 5074 uerbi

602 5131 641 5164 π
852 5115 917 5162 30
954 5127 1184 5176 compago
1218 5117 1252 5179 β
1458 5129 1539 5161 υυ.
1571 5111 1773 5161 31-33
1799 5126 1894 5160 om.
1934 5112 2017 5159 VP
2222 5111 2285 5160 33
2324 5111 2535 5173 fortasse
2559 5115 2800 5162 restituat
3009 5112 3185 5161 solatia
3221 5127 3263 5161 π
3471 5119 3606 5160 casta
3639 5111 3715 5161 ed.
3753 5112 3862 5160 Toll

600 5203 742 5260 volyo
948 5203 1061 5259 post
1099 5198 1162 5245 33
1201 5201 1255 5246 in
1288 5203 1365 5264 βπ
1404 5203 1636 5246 secuntur
1668 5214 1750 5246 vv.
1781 5196 2007 5259 ‹53-66,
2048 5212 2165 5259 quos
2203 5201 2256 5246 in
2292 5200 2454 5246 locum
2492 5200 2634 5246 illum
2672 5201 2987 5258 trampus-2⁴53
3038 5211 3135 5246 om.
3172 5198 3257 5244 VP
3461 5214 3542 5246 vv.
3572 5196 3773 5246 34—62
3813 5204 3864 5246 et

607 5285 844 5335 66-122
870 5300 965 5333 om.
996 5288 1074 5350 βπ
1284 5285 1348 5334 35
1388 5290 1584 5346 sperata
1617 5285 1657 5331 V
1860 5285 1990 5332 cunti
2028 5284 2069 5329 V
2271 5284 2337 5334 36
2373 5285 2671 5346 loquebatur
2709 5285 2747 5330 V
2953 5285 3017 5332 37
3044 5285 3193 5332 amici
3229 5285 3269 5331 V
3474 5283 3539 5333 38
3576 5285 3768 5345 pilades
3802 5284 3859 5344 V,

607 5374 807 5434 plyades
839 5372 881 5418 P
1088 5371 1272 5431 phrigii
1313 5370 1397 5417 VP
1602 5367 1734 5436 Nisi]
1762 5372 1864 5419 nis.
1904 5370 1942 5415 V
2147 5369 2213 5418 40
2250 5371 2535 5419 docimenta
2567 5370 2651 5418 VP
2856 5369 2914 5417 41
2960 5370 3065 5432 lebi
3103 5370 3141 5416 V
3181 5370 3317 5431 (corr.
3347 5368 3456 5433 ηιῖ),
3498 5372 3596 5418 celi
3624 5372 3682 5434 P,
3723 5371 3863 5419 laelii

618 5456 758 5508 Ven.⁴
1037 5456 1102 5505 42
1141 5459 1437 5518 animysque
1482 5459 1523 5503 V
1554 5456 1600 5518 (y
1637 5460 1690 5504 in
1724 5472 1848 5518 ras„
1889 5457 2097 5517 sortasse
2133 5453 2223 5518 m2)
2471 5457 2669 5505 hisdem
2709 5457 2752 5503 Ρ
3009 5457 3170 5502 cuctis
3216 5457 3254 5504 Υ
3502 5457 3567 5505 43
3604 5459 3788 5504 maiore
3833 5457 3869 5501 V

607 5544 670 5593 47
711 5545 957 5592 duximus
991 5543 1085 5603 VP,
1129 5557 1253 5590 corr.
1288 5543 1404 5592 Par.
1618 5549 1677 5591 ut
1714 5539 1792 5610 se]
1828 5544 1924 5591 iste
1963 5542 2009 5588 Ρ
2211 5542 2277 5591 48
2317 5543 2471 5591 iudex
2510 5544 2555 5590 P
2759 5542 2824 5590 49
2864 5543 3078 5590 triumfis
3117 5542 3155 5588 V
3361 5543 3427 5590 50
3457 5545 3719 5604 'premiens
3756 5543 3801 5589 P

607 5631 700 5677 dea
739 5625 952 5694 Medica]
989 5630 1274 5677 dementit-a
1315 5628 1370 5688 P,
1413 5630 1666 5676 dementia
1714 5626 1857 5678 Ven.⁴
2122 5629 2179 5678 51
2227 5630 2545 5691 cecropidum
2585 5628 2630 5675 P
2891 5631 3046 5689 pai-eti
3096 5629 3147 5682 Υ,
3192 5635 3368 5688 parent
3414 5627 3473 5690 P,
3516 5630 3706 5691 paranti
3748 5627 3860 5676 Par.

609 5717 671 5764 52
712 5718 940 5776 fingenda
979 5715 1022 5761 P
1062 5712 1206 5763 Vm.⁴
1242 5716 1379 5775 votyo
1590 5715 1652 5760 53
1689 5729 1785 5763 om.
1830 5714 1872 5759 P
2078 5713 2141 5762 54
2182 5715 2449 5763 ῐοῐιιοΙίᾱιε
2486 5714 2532 5760 Ρ
