4630 6435
762 443 863 497 DE
903 441 1165 497 FASTIS
1212 442 1436 507 (XXII).
1512 440 1621 496 AD
1661 440 2111 497 DREPANIVM
2152 443 2409 507 (XXIII).
2484 442 2765 498 CVPIDO
2803 443 3234 500 CRVCIATVS
3277 445 3569 510 (XXIIII).
3716 450 3821 511 121

1457 632 1563 698 hic
1607 652 1721 697 vos
1768 632 2073 715 diligere,
2125 633 2232 697 hic
2275 633 2449 698 volet
2493 632 2691 699 tueri:

1457 735 1852 818 ignoscenda
1896 741 2101 818 teget,
2156 737 2424 820 probata
2467 736 2710 802 tradet:

1456 846 1601 923 post
1644 839 1816 904 hunc
1859 838 2166 904 iudicium
2211 839 2431 905 timete
2477 840 2746 905 nullum.
2811 840 2983 905 vale.

1452 1244 1468 1258 ·
1546 1251 2347 1385 (EGLoeARVM
2423 1252 2871 1388 LIBER).

1433 1486 1799 1584 XXIIII.
1872 1487 2268 1586 CVPIDO
2339 1486 2979 1586 GRVCIATVS.

1445 1699 1506 1765 l.
1559 1700 1983 1767 AVSONIVS
2032 1701 2472 1769 GREGORIO
2519 1702 2750 1767 FILIO
2798 1702 2979 1766 SAL.

752 1874 849 1937 En
896 1893 1198 1955 umquam
1245 1872 1464 1937 vidisti
1512 1873 1814 1937 nebulam
1862 1874 2095 1958 pictam
2144 1875 2209 1939 in
2256 1874 2505 1958 pariete
2522 1880 2551 1937 ²?
2607 1872 2826 1937 vidisti
2872 1873 3093 1954 utique
3140 1879 3204 1938 et
3247 1874 3614 1939 meministi.
3680 1876 3844 1939 Tre-
3879 1887 3979 1936 324

573 1975 746 2040 veris
792 1976 1026 2060 quippe
1071 1975 1137 2039 in
1182 1975 1458 2041 triclinio
1491 1976 1657 2041 Zoili
1704 1976 1921 2042 fucata
1966 1983 2064 2041 est
2109 1978 2357 2062 pictura
2402 1977 2595 2041 haec:
2652 1975 3037 2060 Cupidinem
3083 1978 3249 2041 cruci
3296 1977 3571 2059 affigunt
3613 1978 3843 2042 mulie—
3883 1959 3967 2018 (ω)

574 2097 679 2143 res
724 2079 1098 2158 amatrices,
1169 2100 1291 2143 non
1338 2078 1504 2144 istae
1551 2079 1632 2144 de
1679 2086 1894 2145 nostro
1943 2081 2236 2161 saeculo,
2306 2100 2475 2163 quae
2522 2086 2745 2164 sponte
2791 2088 3087 2163 peccaut,
3161 2079 3278 2145 sed
3319 2081 3473 2145 illae
3518 2080 3833 2159 heroicae,

574 2202 742 2263 quae
801 2182 928 2247 sibi
987 2182 1326 2265 ignoscunt
1385 2190 1449 2247 et
1507 2183 1793 2267 plectunt
1854 2182 2081 2266 deum,
2154 2205 2423 2267 quarum
2486 2190 2731 2268 partem
2789 2184 2856 2247 in
2925 2184 3293 2266 lugentibus
3361 2183 3603 2267 campis
3664 2184 3841 2248 Maro

505 2308 532 2345 ⁵
575 2291 792 2349 noster
849 2292 1200 2350 enumerat.
1312 2285 1478 2349 hanc
1539 2306 1659 2368 ego
1727 2286 2076 2368 imaginem
2148 2288 2364 2372 specie
2433 2294 2497 2352 et
2562 2294 2938 2369 argumento
3005 2287 3270 2351 miratus
3339 2306 3500 2351 sum.
3608 2286 3840 2351 deinde

574 2386 850 2451 mirandi
910 2394 1235 2472 stuporem
1295 2389 1595 2453 transtuli
1657 2388 1743 2453 ad
1799 2388 2109 2474 ineptiam
2172 2390 2499 2473 poetandi.
2597 2389 2754 2453 mihi
2816 2397 3071 2474 praeter
3114 2390 3351 2454 lemma
3394 2389 3553 2453 nihil
3599 2390 3835 2473 placet.

573 2490 691 2554 sed
750 2493 1122 2556 commendo
1180 2491 1298 2556 tibi
1356 2512 1630 2557 errorem
1691 2512 1927 2557 meum.
2024 2512 2264 2558 naevos
2327 2501 2577 2558 nostros
2636 2500 2703 2558 et
2760 2492 3089 2558 cicatrices
3148 2511 3474 2557 amamus:
3545 2512 3665 2557 nec
3720 2491 3840 2556 soli

570 2600 786 2658 nostro
832 2594 986 2659 vitio
1031 2615 1336 2680 peccasse
1384 2595 1664 2660 contenti
1709 2597 2125 2677 affectamuS‚
2193 2603 2263 2662 ut
2321 2602 2632 2662 amentur.
2729 2617 2949 2662 verum
3008 2595 3161 2677 quid
3209 2616 3329 2679 ego
3372 2596 3522 2660 huic
3570 2595 3840 2678 eglogae

571 2697 853 2762 studiose
913 2699 1321 2782 patrocinor?
1422 2706 1633 2764 certus
1692 2719 1868 2780 sum,
1945 2699 2388 2784 quodcumque
2446 2720 2658 2764 meum
2719 2700 2972 2778 scieriS,
3044 2699 3326 2764 amabis:
3401 2698 3573 2781 quod
3634 2698 3841 2781 magis

468 2825 530 2864 ιο
574 2819 764 2884 spero
808 2822 998 2883 quam
1049 2808 1118 2867 ut
1162 2801 1412 2867 laudes.
1511 2804 1658 2868 vale
1703 2823 1779 2867 ac
1826 2803 2029 2887 dilige
2074 2812 2427 2888 parentem.

1709 3042 1775 3108 2.
1833 3044 2150 3110 OVPIDO
2198 3045 2734 3111 CRVCIATVS.·

1245 3214 1432 3282 Aeris
1475 3216 1543 3281 in
1588 3216 1866 3302 campis,
1923 3225 2232 3284 memorat
2276 3237 2435 3302 quos
2480 3237 2666 3283 musa
2709 3215 3027 3299 Maronis,
3368 3234 3466 3283 325
3513 3235 3695 3294 (Edyll.
3738 3236 3828 3296 w)

1244 3327 1530 3403 myrteus
1576 3329 1867 3387 amentes
1914 3322 2023 3387 ubi
2068 3323 2250 3387 lucus
2296 3329 2527 3406 opacat
2571 3328 2900 3400 amantes,

1244 3423 1424 3507 orgia
1470 3425 1793 3491 ducebant
1836 3426 2136 3492 heroides
2182 3433 2245 3492 et
2290 3447 2409 3490 sua
2452 3446 2779 3510 quaeque,

1246 3534 1314 3593 ut
1357 3528 1677 3609 quondam
1724 3529 2124 3610 occiderant,
2180 3530 2288 3595 leti
2339 3537 2716 3613 argumenta
2761 3530 3105 3612 gerebant,

1243 3640 1530 3696 errantes
1577 3633 1743 3696 silva
1789 3633 1853 3696 in
1902 3653 2140 3715 magna
2186 3641 2250 3698 et
2295 3634 2413 3697 sub
2462 3634 2603 3697 luce
2652 3633 2938 3715 maligna

1243 3734 1410 3799 inter
1455 3735 2011 3818 harundineasque
2058 3756 2272 3801 comas
2318 3736 2784 3818 gravidumque
2831 3756 3117 3821 papaver

1244 3844 1310 3902 et
1358 3838 1587 3904 tacitos
1635 3839 1771 3903 sine
1822 3839 1971 3904 labe
2018 3840 2228 3916 laeua,
2285 3840 2423 3904 sine
2472 3860 2793 3904 murmure
2842 3839 3036 3904 rivos.

747 4117 972 4166 XXIIII.
1039 4114 1098 4167 l·
1160 4117 1176 4165 1
1224 4118 1389 4166 Plaut.
1431 4117 1687 4167 Menaecl».
1731 4120 1750 4164 Ι
1795 4118 1841 4178 2,
1886 4119 1946 4166 3-1
1989 4119 2119 4180 (143)
2161 4135 2279 4166 num
2321 4134 2467 4180 quam
2514 4124 2593 4182 (en
2633 4133 2871 4180 umquam
2909 4121 3044 4180 Brix)
3086 4125 3138 4166 tu
3180 4119 3347 4166 vidisti
3389 4121 3610 4168 tabulam
3650 4119 3831 4179 pictam

568 4206 624 4251 in
665 4205 855 4264 pariete
1065 4204 1095 4251 4
1137 4207 1285 4264 Verg.
1330 4208 1458 4252 Aen.
1503 4205 1571 4252 vl
1611 4205 1711 4252 440
1737 4219 1810 4266 sq.

745 4285 805 4340 2·
883 4290 902 4338 1
949 4291 1093 4349 Verg.
1138 4292 1267 4340 Aen.
1309 4292 1380 4337 VI
1419 4290 1516 4339 887
1555 4292 1682 4338 aeris
1718 4292 1772 4339 in
1811 4293 2000 4353 campis
2244 4292 2273 4341 2
2328 4294 2477 4352 Verg.
2523 4295 2649 4341 Aen.
2695 4293 2762 4338 Vl
2804 4291 2905 4339 443
2947 4297 3141 4339 murtea
3177 4275 3388 4351 (md'rtea
3428 4290 3496 4350 M,
3548 4294 3737 4349 myrtea
3774 4291 3832 4350 R)

568 4376 757 4422 circum
795 4376 924 4424 silva
961 4377 1087 4435 tegit
1330 4377 1360 4424 5
1412 4377 1563 4437 Verg.
1606 4379 1735 4427 Aen.
1777 4378 1848 4425 VI
1884 4378 1978 4426 451
2036 4381 2230 4427 errabat
2275 4381 2404 4427 silva
2439 4381 2493 4426 in
2533 4394 2709 4439 magna
2748 4378 2848 4428 270
2885 4379 2979 4425 sub
3017 4378 3131 4424 luce
3169 4378 3390 4436 maIIgna
3633 4375 3660 4423 'l'
3714 4376 3830 4425 I-Ior.

570 4461 734 4522 Epist.
779 4463 800 4508 1
847 4461 925 4522 10,
969 4461 1028 4510 21
1071 4477 1184 4510 cum
1222 4477 1476 4511 murmure
1516 4465 1679 4510 rivum

749 4723 809 4772 16
855 4714 943 4770 uos
980 4724 1189 4782 diligere
1237 4724 1273 4769 V
1310 4725 1347 4782 (s
1384 4722 1473 4785 711²,
1516 4724 1566 4771 di
1604 4739 1662 4770 ex
1698 4725 1759 4771 de
1795 4723 1889 4786 1²1¹)

745 4808 968 4857 XXIIII.
1046 4805 1104 4859 1.
1178 4810 1363 4872 Incipit
1413 4812 1741 4869 aeglogarum.
1820 4811 2079 4858 Ausonius
2118 4813 2350 4872 GregorIo
2388 4814 2489 4860 fllio
2526 4810 2573 4872 λ,
2635 4812 2891 4859 Ausonius
2930 4809 3163 4871 Gregorio
3206 4811 3311 4858 filio
3346 4810 3435 4857 sal.
3483 4809 3541 4870 T,
3601 4809 3835 4868 Gregorio

570 4894 676 4942 filio
714 4893 967 4954 (Gregorio
1005 4909 1094 4943 suo
1130 4897 1234 4957 mu)
1286 4911 1329 4946 s,
1371 4911 1420 4958 p.
1463 4897 1511 4945 d.
1553 4912 1688 4958 ηιαυ,
1743 4898 1931 4957 Incipit
1979 4897 2289 4956 aeglogarum
2342 4900 2482 4948 liber.
2560 4899 2821 4946 Ausonius
2858 4897 3093 4956 Gregorio
3131 4897 3232 4943 fllio
3269 4896 3484 4943 salutem
3523 4894 3590 4954 Ε,
3647 4895 3835 4953 Incipit

576 4981 847 5036 (Ausonius
885 4981 1005 5030 add.
1045 4982 1092 5043 9)
1148 4982 1431 5042 eglogarum
1471 4983 1531 5030 ad
1571 4983 1863 5042 Gregorium
1901 4984 2064 5030 fllium
2120 4984 2283 5040 (snum
2321 4984 2437 5033 add.
2481 4981 2549 5046 92)
2588 5000 2618 5044 9
2680 4986 2751 5044 (in
2787 4997 2880 5046 quo
2915 4981 2990 5030 m2
3024 4982 3139 5031 add.
3182 4984 3234 5030 in
3279 4996 3377 5043 qua
3424 4981 3603 5044 cupido
3640 4982 3834 5027 crucia—

568 5067 667 5128 tur)
704 5063 757 5127 9²
1024 5067 1041 5116 1
1087 5081 1150 5116 en
1190 5083 1411 5131 unquam
1455 5066 1620 5130 Tv192,
1664 5084 1726 5117 en
1767 5084 2002 5133 nmquam
2038 5087 2087 5132 9,
2128 5085 2189 5119 en
2231 5085 2487 5133 nunquam
2526 5085 2587 5118 an
2627 5068 2676 5132 λ,
2717 5085 2779 5118 an
2818 5084 3035 5133 unquam
3073 5070 3210 5117 mul]
3451 5068 3668 5114 tabulam
3720 5067 3830 5114 Vin.

566 5154 688 5210 αιίὶς
720 5155 788 5215 ef.
823 5155 882 5202 Ε.
916 5155 1064 5201 XVII
1088 5158 1117 5200 9
1313 5157 1515 5204 treuiris
1543 5173 1584 5204 ω
1796 5155 1827 5206 2
1867 5159 2005 5204 Aeoli
2034 5156 2147 5206 Ald.
2178 5159 2321 5217 volyo
2532 5158 2560 5204 3
2601 5154 2751 5223 Istae]
2775 5157 2896 5205 haec
2923 5157 3058 5218 Par„
3093 5157 3184 5204 hae
3212 5158 3352 5215 volyo
3561 5155 3591 5202 5
3629 5149 3835 5218 deinde]

566 5241 787 5302 denique
811 5237 932 5304 λχΕ
1102 5242 1133 5288 6
1169 5251 1369 5304 praeter
1389 5257 1528 5302 may,
1556 5251 1815 5305 promptus
1847 5245 1903 5304 Τ,
1937 5251 2135 5305 propter
2161 5249 2247 5293 cet.
2431 5246 2621 5292 lemnia
2650 5242 2724 5293 Τλ
2899 5244 2929 5292 8
2968 5240 3113 5308 vitio]
3140 5245 3321 5291 iudicio
3348 5240 3377 5291 λ
3553 5243 3779 5302 aeglogae
3806 5240 3834 5290 λ

570 5327 601 5372 9
638 5328 977 5389 quodcunque
1021 5328 1062 5373 Τ
1093 5328 1140 5389 (n
1179 5343 1236 5374 ex
1273 5331 1339 5389 m}
1383 5328 1411 5378 λ
1625 5328 1978 5397 ηιειιηιΙιιιευω
2023 5331 2063 5376 Τ
2302 5331 2363 5379 10
2401 5338 2567 5394 specto
2606 5331 2762 5379 Barth
2800 5335 2943 5388 volyo
3154 5345 3210 5376 ac
3249 5331 3314 5388 (et
3355 5329 3411 5390 T)
3459 5330 3613 5388 dilige
3649 5341 3833 5390 paren-

569 5419 671 5460 tem
711 5430 773 5472 ω,
821 5428 916 5464 om.
974 5414 1061 5475 Cy.
1103 5417 1246 5475 υοιρο

742 5496 804 5549 2·
878 5499 1070 5562 Cupido
1108 5504 1365 5550 cruciatus
1401 5500 1538 5564 299²,
1579 5505 1793 5552 Ausonii
1834 5506 2003 5564 egloga
2040 5507 2095 5551 in
2134 5519 2233 5565 qua
2260 5504 2455 5566 Cupido
2492 5506 2743 5553 cruciatur
2787 5503 3054 5563 (cruciatur
3088 5503 3280 5563 Cupido
3314 5504 3449 5562 muv)
3487 5506 3598 5561 cet„
3642 5500 3836 5560 Cupido

565 5589 702 5634 cruci
739 5589 922 5634 affixus
958 5587 1124 5648 Luyd.
1166 5591 1314 5649 volyo
1578 5588 1595 5636 1
1641 5603 1766 5651 qnos
1802 5607 1855 5655 χ,
1897 5606 1995 5652 quo
2031 5598 2119 5641 cet.
2367 5592 2588 5652 piatonis
2632 5589 2736 5638 Τλυ
3016 5589 3046 5637 2
3100 5589 3344 5636 mitthena
3388 5589 3443 5646 T,
3487 5589 3695 5635 mil-teus
3733 5584 3762 5635 λ

564 5665 798 5736 amantes
834 5674 917 5720 ubi
964 5673 1004 5718 Τ
1043 5675 1083 5730 (e
1119 5671 1206 5735 m‘l)
1435 5681 1577 5738 optat
1613 5681 1801 5723 amites
1844 5677 1884 5722 Τ
1924 5679 1965 5736 (εἰ
2002 5692 2056 5750 ezf
2094 5681 2135 5732 a)
2373 5676 2401 5723 4
2441 5679 2557 5725 laeti
2602 5677 2643 5722 T
2885 5675 2916 5721 6
2957 5677 3350 5735 amaricinasque
3389 5674 3622 5722 Hein-n'us
3666 5673 3828 5731 (Very.

565 5762 690 5809 Aen.
737 5759 766 5804 1
800 5761 918 5822 693)

722 5863 962 5902 Avsomvs.
3352 5863 3368 5911 1
3384 5863 3414 5911 6
