4630 6435
1834 341 2260 397 EPISTVLAE
2306 341 2422 398 (VI.
2464 339 2620 403 VII).
3742 339 3860 399 165

1267 541 1331 600 et
1376 540 1532 618 quot
1576 539 1726 599 sunt
1769 551 1988 615 asses,
2045 531 2153 597 ubi
2195 530 2549 614 nonaginta
2594 528 2895 610 trientes,

1267 638 1371 703 vel
1416 644 1570 719 quot
1612 636 1810 703 babet
1851 635 2105 701 iunctos
2150 634 2458 700 Vasatica
2502 631 2707 698 raeda
2751 630 3062 696 caballoS.

1526 740 1711 818 Quod
1757 739 1816 805 si
1859 739 2105 822 figuras
2150 736 2392 803 fabulis
2438 736 2857 801 adumbratas

1097 864 1158 905 20
1523 861 1983 925 numerumque
2030 841 2236 907 doctis
2281 840 2636 905 involutum
2683 837 3070 921 ambagibus

1522 945 1779 1029 ignorat
1822 946 1955 1011 alto
2001 964 2184 1010 mens
2229 944 2428 1009 obesa
2472 943 2759 1023 viscere,

1522 1069 1857 1116 numerare
1904 1048 2117 1114 saltim
2164 1068 2340 1113 more
2385 1046 2565 1130 vulgi
2613 1053 2681 1112 ut
2732 1045 3019 1125 noveriS,

1519 1154 1586 1218 in
1632 1172 1704 1219 se
1749 1159 2037 1218 retortas
2065 1151 2402 1235 explicabo
2449 1150 2830 1215 summulas.

1434 1258 1564 1322 Ter
1609 1257 1813 1322 denas
1858 1263 2013 1341 puto
2059 1254 2482 1338 quinquiesve
2528 1273 2719 1319 senas

1094 1379 1157 1422 2⁵
1435 1360 1541 1426 vel
1586 1359 1687 1425 bis
1732 1359 2050 1442 quinque,
2112 1358 2346 1424 dehinc
2392 1358 2617 1423 decem
2665 1356 3052 1438 decemque,

1434 1464 1539 1528 vel
1588 1481 1779 1528 senas
1825 1468 2052 1544 quater
2096 1468 2161 1528 et
2206 1460 2307 1525 bis
2353 1460 2522 1525 adde
2575 1466 2813 1525 ternas,

1434 1565 1716 1650 septenis
1763 1571 1989 1649 quater
2033 1564 2204 1629 adde
2253 1563 2445 1650 <iam>
2495 1583 2687 1627 unam
2735 1570 2799 1628 et
2846 1583 3036 1628 unam

1057 1684 1153 1744 (29)
1431 1676 1545 1734 aut
1588 1676 1686 1735 ter
1731 1675 2026 1753 quattuor
2070 1668 2241 1733 adde
2286 1667 2388 1732 bis
2433 1666 2726 1732 novenis.

1054 1786 1153 1847 (28)
1433 1773 1558 1837 duc
1601 1772 1790 1838 binas
1835 1771 2054 1837 decies
2109 1772 2438 1853 semelque
2485 1769 2722 1836 denas:

1091 1899 1151 1939 30
1432 1882 1692 1941 octonas
1737 1882 1997 1959 quater,
2060 1875 2208 1940 hinc
2254 1874 2422 1940 duae
2469 1873 2806 1940 recedant:

1429 1979 1619 2045 binas
1664 1986 1763 2044 ter
1808 1978 2057 2059 decies,
2111 1977 2314 2043 semel
2360 1984 2743 2060 quaternas:

1428 2090 1493 2149 et
1536 2103 1653 2148 sex
1698 2082 1867 2149 adde
1915 2102 2142 2147 novem
2190 2082 2296 2147 vel
2343 2088 2482 2146 octo
2530 2087 2807 2164 septem,

1428 2194 1540 2252 aut
1588 2194 1834 2271 septem
1881 2185 2157 2270 geminis
2201 2186 2303 2251 bis
2349 2175 2490 2250 octo
2534 2185 2763 2266 iunge,

1427 2297 1574 2373 aut,
1627 2309 1707 2355 ne
1754 2290 1875 2354 sim
1919 2290 2033 2356 tibi
2079 2289 2372 2374 pluribus
2417 2289 2760 2367 molestus,

1087 2418 1148 2458 ³5
1428 2394 1691 2477 triginta
1735 2414 1998 2459 numero
2043 2392 2223 2458 fuere
2271 2397 2562 2457 cunctae.

1254 2500 1516 2563 Iunctus
1561 2496 1863 2562 limicolis
1907 2482 2237 2561 musc‘ulus
2286 2494 2516 2560 ostreis

1253 2601 1457 2685 primo
1503 2598 1837 2684 conposuit
1882 2599 2127 2664 fercula
2173 2598 2475 2683 prandi0,

1252 2711 1477 2788 gratus
1523 2703 1773 2769 deliciis
1819 2702 2127 2767 nobilium
2177 2702 2358 2767 cibus

1253 2815 1317 2874 et
1362 2808 1599 2892 sumpti
1645 2806 1936 2872 modicus
1982 2806 2379 2890 pauperibus
2429 2805 2607 2871 focis.

1082 2934 1143 2973 ιο
1251 2933 1377 2977 non
1422 2911 1527 2976 bic
1571 2910 1907 2992 navifrago
1953 2910 2281 2993 quaeritur
2326 2929 2643 2993 aequore,

1254 3021 1323 3080 ut
1367 3020 1612 3080 crescat
1655 3014 1929 3099 pretium
1975 3013 2222 3097 grande
2268 3012 2612 3097 periculis,

1253 3124 1352 3183 set
1395 3117 1669 3203 primore
1716 3115 1884 3181 vado
1930 3122 2074 3199 post
2118 3116 2418 3198 refugum
2462 3135 2639 3181 mare

1250 3223 1476 3305 algoso
1519 3222 1757 3305 legitur
1799 3221 1985 3287 litore
2032 3222 2347 3286 concolor.

1250 3346 1397 3390 nam
1444 3332 1650 3391 testae
1698 3324 1976 3408 duplicis
2024 3324 2315 3389 conditur
2359 3324 2430 3388 in
2483 3344 2711 3408 specu,

1080 3451 1143 3491 45
1249 3450 1416 3511 quae
1462 3429 1768 3494 ferventis
1815 3448 2022 3512 aquae
2068 3427 2204 3493 fota
2251 3428 2596 3513 vaporibus

1250 3552 1503 3597 carnem
1551 3532 1806 3597 lacteoli
1852 3531 2121 3596 visceris
2165 3530 2430 3597 indicat.

1422 3637 1537 3701 Set
1580 3636 1892 3701 damnosa
1935 3634 2126 3699 nimis
2173 3634 2480 3719 panditur
2522 3656 2698 3700 area.

1248 3739 1353 3804 fac
1398 3759 1694 3823 campum
1741 3738 2045 3822 replices,
2101 3739 2322 3819 Musa,
2373 3739 2739 3823 papyrium.

1248 3862 1368 3908 nec
1412 3842 1540 3906 iam
1588 3842 1917 3926 fissipedis
1964 3862 2079 3926 per
2123 3841 2355 3906 calami
2401 3841 2545 3907 vias

1082 3968 1141 4008 50
1247 3952 1580 4028 grassetur
1624 3945 1904 4010 Gnidiae
1952 3947 2169 4010 sulcus
2215 3945 2629 4026 harundinis,

1247 4051 1525 4133 pingens
1570 4048 1861 4114 aridulae
1909 4049 2169 4114 subdita
2214 4049 2495 4133 paginae

1251 4152 1478 4218 Cadmi
1524 4152 1741 4217 filiolis
1787 4151 2253 4217 atricoloribus.

1250 4263 1362 4321 aut
1406 4256 1649 4321 cunctis
1695 4255 1934 4338 pariter
1979 4255 2274 4320 versibus
2324 4255 2571 4322 oblinat

1248 4359 1498 4424 furvam
1545 4358 1868 4424 lacticolor
1915 4358 2234 4442 sphongia
2280 4358 2549 4443 sepiam.

1080 4485 1141 4524 55
1248 4481 1588 4548 parcamus
1635 4461 1789 4527 vitio
1834 4461 2264 4527 Dumnitonae
2310 4461 2575 4544 domuS,

1246 4586 1328 4630 ne
1374 4565 1456 4630 sit
1502 4565 1723 4629 charta
1769 4564 1927 4629 mibi
1972 4563 2178 4629 carior
2223 4564 2477 4629 ostreis.

756 4963 815 5012 18
852 4965 969 5012 reda
1017 4965 1058 5011 V
1267 4964 1327 5013 19
1364 4966 1418 5013 in
1452 4980 1551 5024 my.
1592 4963 1667 5012 m²
1701 4971 1921 5012 metrum
1958 4965 2225 5012 iambicum
2273 4965 2323 5024 V,
2370 4965 2643 5013 choliambo
2678 4965 2738 5012 de
2775 4964 3026 5014 tndmtrta
3061 4980 3182 5014 mm
3217 4981 3318 5015 ase
3350 4967 3548 5015 videtur
3587 4970 3838 5017 Ausonius

583 5050 820 5098 neonem
855 5055 1184 5111 temptaturus
1418 5050 1476 5100 21
1519 5051 1629 5099 albo
1666 5053 1901 5099 Heinsius
2146 5049 2211 5099 24
2250 5055 2303 5099 in
2337 5066 2436 5111 my.
2479 5049 2555 5098 m²
2590 5056 2803 5099 metrum
2841 5052 3060 5100 salebum
3107 5053 3149 5100 V
3387 5055 3758 5116 quinquiesque
3803 5057 3844 5103 V

578 5151 701 5184 corr.
753 5138 863 5185 Τοιι
1094 5137 1158 5186 25
1198 5113 1377 5185 dehinc
1421 5138 1459 5184 v
1498 5138 1547 5200 (h
1584 5136 1675 5198 ηρ)
1913 5136 1978 5186 2ῖ
2018 5137 2141 5184 adde
2194 5137 2249 5199 ν,
2288 5137 2459 5185 addito
2495 5138 2730 5186 Hemina
2765 5139 2927 5200 volvo,
2968 5139 3091 5186 addo
3131 5140 3227 5186 iam
3263 5154 3348 5200 090
3589 5156 3747 5190 unum
3786 5149 3840 5192 et

579 5237 735 5270 unum
784 5224 837 5284 V,
881 5238 1031 5271 unam
1070 5233 1121 5272 et
1157 5238 1308 5272 unam
1350 5225 1461 5272 Tell
1670 5241 1748 5274 vv.
1793 5225 1857 5273 28
1894 5229 1941 5271 et
1980 5222 2071 5284 29,
2114 5227 2198 5285 qut
2235 5227 2429 5272 inverso
2465 5224 2637 5273 ordine
2672 5225 2901 5284 leuantur
2937 5228 2991 5273 tn
3036 5226 3088 5284 V,
3129 5230 3407 5286 transposui
3615 5226 3680 5276 29
3717 5230 3837 5276 uina

586 5309 623 5354 V
650 5311 699 5368 (b
723 5306 812 5368 m2)
844 5324 967 5357 corr.
1000 5309 1160 5370 Luyd.
1375 5311 1442 5358 30
1478 5312 1669 5359 octonis
1719 5311 1758 5357 V
1788 5312 1949 5370 volyo,
1991 5316 2192 5357 octonas
2236 5310 2342 5358 Tou
2552 5309 2616 5357 32
2655 5326 2683 5358 a
2719 5317 2768 5358 te
2801 5312 2853 5373 V,
2896 5311 3022 5359 adde
3060 5311 3217 5372 Luqd.
3435 5312 3500 5360 33
3538 5316 3617 5361 uis
3663 5315 3716 5374 V,
3759 5315 3835 5362 bis

578 5394 744 5455 Luyd.
1025 5403 1131 5456 post
1183 5396 1248 5444 35
1296 5402 1342 5443 et
1392 5397 1458 5446 46
1506 5400 1559 5445 tn
1614 5397 1653 5443 V
1696 5399 1850 5445 unius
1885 5410 2051 5444 verme
2087 5402 2158 5444 est
2194 5400 2414 5458 epatium
2690 5395 2755 5444 36
2793 5399 2847 5444 in
2883 5412 2983 5457 my.
3021 5394 3095 5444 m²
3130 5405 3341 5446 metrum
3379 5399 3751 5460 asclepiadeum
3789 5401 3834 5447 V

576 5479 635 5529 41
679 5459 966 5542 Ugtcrescat
999 5483 1040 5530 V
1242 5481 1308 5530 45
1345 5487 1432 5545 qui
1467 5486 1521 5546 V,
1561 5497 1690 5545 quae
1732 5481 1890 5540 Luyd.
2109 5481 2175 5532 48
2212 5483 2397 5545 replice
2443 5483 2621 5531 Vcorr.
2655 5482 2896 5543 (im-optus
3103 5485 3333 5546 papirum
3381 5485 3420 5532 V
3449 5486 3713 5547 (papirium
3739 5483 3828 5547 m2)

578 5565 642 5615 50
678 5568 946 5615 arundinis
991 5568 1030 5614 V
1278 5569 1342 5617 53
1380 5566 1568 5625 cunctis
1613 5569 1651 5615 V
1692 5571 1745 5629 (n
1781 5564 1870 5624 m2)
2134 5568 2197 5618 54
2238 5570 2427 5618 saluam
2476 5570 2516 5616 V
2552 5571 2604 5630 (u
2641 5583 2699 5617 cz
2733 5570 2767 5616 b
2801 5567 2916 5630 m²)‚
2955 5570 3151 5617 furvam
3195 5570 3304 5620 Vin.
3558 5571 3752 5634 sepiam
3797 5572 3838 5618 V

578 5652 642 5700 55
678 5637 973 5716 dumnotine
1020 5654 1060 5700 V
1257 5654 1320 5704 56
1356 5675 1488 5723 carta
1537 5657 1577 5706 V
2124 5703 2153 5716 s
