4630 6435
1641 455 2326 512 TECHNOPAEGNION
2368 456 2655 522 (XXVII).
3662 457 3779 518 137

1195 654 1327 712 stat
1370 647 1542 712 Iovis
1586 646 1673 711 ad
1719 641 2043 731 cyathum,
2079 641 2366 731 'generat
2409 667 2599 731 quem
2644 644 3018 711 Dardanius
3170 645 3355 711 Tros.

1023 770 1084 811 20
1193 750 1610 836 praepetibus
1655 749 1872 834 pinnis
1916 769 2111 835 super
2154 756 2309 815 aera
2352 757 2576 816 vectus
2620 749 2810 814 homo
3179 747 3356 813 Cres.

1194 853 1412 918 intulit
1456 852 1766 918 incestam
1812 853 1926 917 tibi
1974 853 2131 931 vim,
2189 852 2582 933 Philomela,
2635 851 2814 917 ferus
3117 851 3358 915 Thrax.

1195 957 1508 1021 barbarus
1555 963 1656 1022 est
1697 956 1960 1040 Lydus,
2014 958 2235 1041 pellax
2283 957 2483 1037 Geta,
2541 955 2859 1022 femineus
3117 955 3359 1038 PhryX.

1192 1060 1464 1126 fallaces
1510 1060 1820 1144 Ligures.
1875 1060 2070 1126 nullo.
2105 1061 2268 1125 situs
2310 1062 2379 1124 in
2424 1060 2627 1145 pretio
3211 1059 3358 1124 Car.

1047 1214 1050 1219 ι
1193 1165 1440 1230 vellera
1485 1164 1770 1248 depectit
1811 1164 2165 1229 nemoralia
2210 1163 2545 1229 vestifluus
3218 1162 3362 1227 Ser.

1024 1286 1086 1328 25
1194 1274 1346 1333 nota
1389 1268 1459 1332 in
1503 1267 1812 1353 portentis
1859 1267 2177 1333 Thebana
2220 1268 2672 1351 tricorporibus
3087 1265 3358 1349 Sphinx.

1195 1379 1344 1437 nota
1389 1371 1759 1437 Caledoniis
1805 1371 2105 1452 nuribus,
2161 1371 2471 1436 muliebre
2519 1389 2734 1449 secus,
3181 1369 3362 1433 strix.

1624 1644 1633 1659 ’
1707 1627 1818 1697 10.
1880 1630 1995 1693 DE
2041 1629 2266 1694 VERE
2310 1628 2597 1694 PRIMO.

1193 1801 1419 1866 Annus
1464 1802 1548 1867 ab
1595 1807 1819 1866 exortu
1866 1821 2009 1865 cum
2054 1800 2419 1886 floriparum
2469 1808 2712 1866 reserat
3213 1821 3359 1882 ver,
3688 1817 3789 1867 346

1194 1911 1423 1969 cuncta
1467 1905 1719 1987 vigent:
1775 1924 2003 1969 nemus
2049 1923 2236 1968 omne
2281 1904 2470 1969 viret:
2528 1904 2689 1970 nitet
2733 1902 3124 1968 auricomum
3255 1922 3363 1968 rus
3612 1904 3782 1967 (VCw)

1196 2016 1262 2072 et
1306 2009 1530 2073 fusura
1577 2009 1835 2073 umbras
1884 2008 2191 2073 radicitus
2238 2007 2517 2089 exigitur
3142 2006 3358 2091 stirps.

1196 2131 1321 2175 non
1369 2111 1571 2175 denso
1616 2112 1703 2176 ad
1747 2117 1982 2175 terram
2028 2111 2214 2195 lapsu
2260 2111 2618 2195 glomerata
2661 2109 2802 2176 fluit
3225 2111 3356 2174 nix.

1060 2238 1085 2275 5
1196 2214 1416 2280 florum
1466 2215 1670 2300 spirat
1713 2214 1901 2298 odor,
1957 2214 2186 2281 Libani
2236 2234 2354 2280 ceu
2401 2214 2632 2279 montis
2679 2214 2877 2279 honor
3231 2220 3355 2279 tus,

1103 2471 1213 2537 ll.
1270 2473 1434 2536 PER
1476 2471 2315 2537 INTERROGATIONEM
2364 2473 2475 2537 ET
2520 2439 3202 2537 RESPONSIONEM.

1197 2645 1354 2722 Quis
1401 2644 1573 2710 subit
1617 2645 1684 2708 in
1730 2664 2004 2729 poenam
2051 2645 2314 2729 capitali
2361 2643 2647 2710 iudicio?
3221 2664 3359 2710 vas.
3690 2662 3787 2711 347

1195 2748 1352 2830 quid
1400 2749 1453 2812 si
1502 2749 1585 2812 lis
1629 2748 1825 2814 fuerit
1867 2748 2263 2829 nummaria,
2315 2748 2459 2831 quis
2506 2748 2808 2814 dabitur?
3146 2767 3358 2832 praes.
3617 2748 3786 2809 (ῐῬω)

1196 2851 1339 2934 quis
1386 2851 1755 2917 mirmilloni
1799 2852 2202 2918 contenditur
2246 2852 2713 2935 aequimanus?
3111 2852 3362 2916 thr-aex.

1196 2955 1363 3019 inter
1407 2955 1674 3020 virtutes
1720 2954 1890 3037 quod
1935 2976 2166 3020 nomen
2210 2955 2573 3021 Mercurio?
3238 2953 3359 3018 fur.

1062 3082 1087 3118 5
1196 3058 1479 3122 turibula
1523 3065 1588 3122 et
1630 3064 1925 3142 paterae,
1979 3077 2145 3139 quae
2193 3058 2382 3124 tertia
2428 3078 2588 3123 vasa
2632 3057 2865 3122 deum?
3184 3057 3364 3121 lanx.

1200 3160 1409 3226 cincta
1454 3161 1611 3226 mari
1659 3180 1977 3243 quaenam
2022 3161 2218 3227 tellus
2265 3168 2440 3228 creat
2482 3162 2982 3247 Hippocratem?
3213 3160 3359 3226 Cos.

1198 3285 1357 3347 grex
1401 3265 1610 3348 magis
1656 3286 1740 3329 an
1786 3284 2055 3347 regnum
2101 3266 2388 3332 Minoida
2432 3266 2738 3331 sollicitat
2754 3273 2780 3330 ⁰?
3178 3285 3361 3349 grex,

1198 3368 1350 3453 quid
1398 3375 1655 3453 praeter
1697 3369 1931 3435 nubem
1976 3369 2384 3436 Phaeacibus
2427 3370 2821 3455 inpositum?
3158 3388 3361 3434 mons.

701 3613 767 3662 22
804 3615 965 3663 Plaut.
998 3613 1173 3662 Bacch.
1205 3614 1252 3661 11
1301 3611 1348 3674 1,
1381 3612 1442 3660 13
1483 3611 1621 3672 (121)
1665 3612 1777 3659 hem
1816 3627 1978 3674 quam,
2023 3626 2050 3661 o
2084 3614 2241 3674 Lyde,
2282 3627 2338 3661 es
2375 3615 2625 3663 barbarus.
2704 3612 2826 3661 Geta
2864 3615 2918 3662 in
2945 3613 3240 3661 Pkormsone
3272 3612 3586 3671 Terentiana,
3630 3610 3793 3673 Phryx

524 3702 743 3763 sortasse
782 3703 835 3747 in
872 3699 1128 3748 Leucadia
1170 3700 1464 3760 Turpiliano
1507 3698 1592 3759 (cf.
1633 3698 1701 3757 fr.
1740 3701 1790 3761 2,
1829 3715 1880 3748 v.
1909 3701 2012 3747 102
2046 3700 2128 3760 R.)
2347 3698 2412 3750 23
2454 3701 2600 3760 Verg.
2637 3701 2769 3749 Aen.
2812 3700 2887 3748 XI
2925 3698 3020 3749 701
3061 3700 3187 3747 baut
3224 3700 3469 3759 Ligurum
3504 3703 3783 3757 extremus,

525 3786 645 3833 dum
685 3786 858 3833 fallere
895 3786 997 3833 fata
1034 3788 1287 3847 sinebant,
1329 3785 1398 3844 cf.
1442 3786 1547 3834 Cic.
1587 3797 1673 3847 pro
1709 3785 1870 3835 Flacc.
1910 3785 1998 3849 27,
2037 3785 2101 3834 65
2159 3787 2286 3835 Zen.
2327 3786 2404 3834 111
2443 3786 2509 3835 59
2755 3785 2819 3834 24
2856 3787 3007 3847 Verg.
3052 3785 3229 3846 Georg.
3274 3786 3321 3832 11
3364 3783 3455 3833 121
3499 3784 3784 3845 velleraque

526 3876 584 3918 ut
621 3872 758 3919 foliis
795 3872 1066 3932 depectant
1099 3874 1275 3921 tenuia
1313 3873 1458 3921 Seres
1667 3870 1734 3921 26
1774 3871 1901 3922 Stat.
1945 3873 2103 3923 Theb.
2147 3873 2168 3919 1
2209 3871 2305 3921 597
2334 3887 2439 3934 sqq.

701 3952 801 4008 11.
875 3957 905 4006 8
944 3959 1090 4007 Hom.
1131 3959 1308 4019 Odyss.
1354 3959 1475 4006 VIII
1513 3956 1627 4008 562.
1673 3959 1795 4007 XIII
1838 3957 1934 4006 163

693 4188 810 4231 ante
844 4200 895 4234 υ.
941 4183 1032 4232 19:
1094 4184 1360 4245 Incipiunt
1397 4181 1677 4244 monosffla
1712 4184 1926 4232 Ausonii
1963 4183 2025 4231 de
2060 4186 2301 4244 gentibus
2348 4183 2411 4246 C,
2465 4185 2542 4232 De
2578 4186 2813 4246 gentibus
2852 4183 2934 4245 M,
2987 4185 3061 4233 De
3097 4184 3395 4247 quibusdam
3433 4183 3618 4231 fabulis
3661 4181 3789 4245 ΤχΕ

528 4266 588 4315 19
624 4270 812 4317 ciatum
847 4269 902 4331 V,
931 4274 1127 4328 cyutum
1155 4269 1197 4327 Q
1371 4283 1552 4331 genera
1587 4270 1628 4315 V
1650 4271 1696 4333 (a
1719 4284 1777 4317 ez:
1803 4285 1835 4318 u
1859 4266 1972 4330 m2),
2003 4284 2185 4329 genera
2212 4270 2254 4328 0
2443 4285 2592 4333 quem
2619 4307 2631 4321 .
2669 4306 2679 4317 .
2716 4307 2728 4318 .
2755 4271 2866 4319 aera
2890 4284 2988 4319 om.
3020 4271 3102 4329 VO
3312 4268 3378 4318 20
3413 4270 3598 4330 pennis
3628 4268 3711 4315 Οω

523 4345 778 4476 υιὶῗιιιέων
816 4373 857 4434 (s
892 4372 990 4421 del.
1031 4369 1120 4434 m2,
1164 4386 1249 4420 rus
1284 4369 1396 4434 m2),
1439 4373 1672 4420 uicturus
1712 4372 1755 4429 Q
1962 4372 2105 4422 chres
2149 4373 2192 4419 V
2243 4371 2334 4435 (m2
2367 4386 2489 4424 corr.
2530 4389 2589 4422 ex
2625 4374 2815 4435 cheres)
2862 4373 2904 4432 Q
3111 4373 3173 4423 21
3214 4369 3339 4438 vim]
3389 4352 3422 4419 ὗ
3467 4372 3521 4432 V,
3575 4376 3634 4419 ut
3672 4371 3713 4428 Q

522 4493 764 4542 incestam
808 4493 862 4555 Ο,
903 4495 1148 4553 ingestam
1187 4491 1259 4555 M,
1300 4493 1572 4542 incoestam
1617 4493 1658 4539 Τ
1920 4493 2218 4554 phylomena
2255 4493 2328 4557 M,
2367 4495 2657 4555 philomena
2697 4494 2824 4559 ΤχΕ
3084 4499 3195 4543 trax
3237 4492 3335 4540 CM
3606 4491 3672 4541 22
3709 4492 3786 4552 1)·-

523 4595 617 4664 dt'is
662 4615 705 4661 V
743 4615 789 4675 (y
825 4629 884 4662 cx
920 4615 936 4661 i
973 4611 1066 4675 m2,
1105 4615 1123 4661 i
1160 4627 1203 4663 ε.
1242 4630 1290 4662 v.
1331 4611 1446 4675 11²²),
1485 4614 1644 4661 lidius
1685 4613 1726 4671 Q
1968 4615 2134 4676 pellax
2185 4557 2482 4677 Voff'eerffl?
2510 4615 2565 4676 Ο,
2605 4629 2782 4663 seruus
2819 4631 2884 4678 ω,
2934 4616 3105 4665 bellax
3150 4615 3257 4662 Τοιι
3291 4617 3435 4675 υοιρο
3680 4617 3783 4663 i'oe-

522 4702 722 4749 mineus
763 4699 804 4746 Τ
1104 4701 1207 4747 i'rix
1252 4700 1446 4760 VQCT,
1489 4702 1577 4748 fax
1616 4699 1673 4747 Μ
1971 4699 2037 4751 23
2072 4715 2170 4750 om.
2212 4718 2254 4750 ω
2549 4703 2778 4750 Audaces
2815 4703 2920 4750 licii
2958 4703 3095 4750 nullo
3131 4708 3297 4750 tamen
3336 4703 3386 4748 in
3425 4702 3588 4762 pretio
3623 4715 3703 4748 car
3745 4701 3785 4747 C

523 4785 588 4836 24
627 4801 725 4836 om.
759 4802 800 4834 ω
1012 4786 1210 4849 depecti
1252 4786 1318 4849 C;
1358 4785 1443 4835 scd
1474 4791 1583 4847 post
1621 4789 1705 4846 10,
1746 4789 1776 4835 5
1817 4789 1870 4833 in
1901 4785 1983 4834 Cw
2022 4787 2097 4835 hic
2134 4789 2313 4849 leyitur
2348 4803 2516 4838 versus
2554 4789 2659 4837 Iam
2695 4790 2868 4852 pelago
2907 4791 3087 4837 uolitat
3122 4794 3359 4837 mercator
3394 4789 3667 4837 uestinuus
3704 4802 3783 4835 ser

523 4872 587 4922 25
625 4872 829 4920 thebam
866 4874 1246 4944 atricorporibus
1286 4872 1328 4930 0
1539 4871 1605 4922 26
1642 4873 1915 4921 caledoniis
1957 4872 2100 4932 (-nus
2130 4875 2185 4936 Q)
2231 4876 2444 4923 nuribus
2480 4875 2583 4937 VQ,
2622 4882 2675 4924 et
2709 4889 2974 4938 paruorum
3011 4876 3153 4924 cunis
3198 4874 3278 4923 Co»
3486 4874 3640 4922 decus
3676 4872 3776 4934 VQ,

523 4971 669 5006 secus
710 4956 825 5019 CM,
866 4958 1033 5006 scelus
1067 4961 1182 5020 ech,
1221 4973 1375 5020 pecus
1413 4959 1639 5012 floridus
1675 4961 1818 5020 volyo

698 5039 799 5094 1⁰.
871 5058 905 5091 x
940 5045 1017 5092 De
1055 5058 1173 5092 uere
1210 5046 1373 5107 primo
1418 5046 1469 5106 V,
1520 5047 1597 5093 ΒΘ
1633 5060 1751 5094 uere
1793 5046 1905 5106 CM,
1962 5048 2041 5095 De
2076 5048 2423 5096 commoditate
2459 5063 2588 5109 quae
2625 5054 2844 5110 tempore
2881 5049 3018 5096 ueris
3054 5049 3266 5096 habetur
3306 5047 3407 5107 ΤΕ,
3453 5048 3529 5094 ΒΘ
3566 5059 3781 5094 commo-

524 5131 684 5235 datast?
723 5131 861 5177 ueris
897 5135 987 5181 cet.
1209 5130 1228 5178 l
1272 5133 1555 5193 floriparum
1602 5133 1653 5195 V,
1697 5135 1815 5181 nore
1850 5148 2023 5195 parum
2068 5135 2120 5194 C,
2165 5136 2441 5182 floriferum
2479 5150 2521 5181 ω
2748 5133 2777 5182 2
2814 5132 2970 5201 uitet]
3009 5137 3146 5195 uiget
3188 5135 3229 5181 Τ
3433 5135 3564 5182 nitet
3598 5147 3696 5180 om.
3746 5133 3785 5180 V

678 5207 784 5235 Eun

524 5249 554 5297 :3
591 5264 798 5312 passura
828 5251 884 5313 Ο,
914 5264 1120 5312 passura
1147 5267 1189 5300 ω
1365 5253 1618 5301 radicatus
1648 5253 1688 5300 V
1715 5254 1854 5314 (corr.
1883 5251 1972 5315 m2)
2152 5256 2379 5303 exeritur
2404 5254 2675 5303 Mommsen
2848 5246 2979 5318 stips
3019 5254 3079 5313 T,
3121 5255 3273 5317 strips
3305 5254 3362 5302 Μ
3401 5255 3559 5317 (infra
3593 5258 3646 5303 in
3676 5269 3778 5315 my.

522 5338 617 5384 rin.
660 5338 835 5398 stjrps)
1048 5338 1079 5386 4
1117 5339 1255 5387 labsu
1304 5339 1344 5384 V
1546 5342 1651 5387 ruit
1687 5340 1743 5386 Μ
1947 5341 1977 5389 5
2023 5345 2186 5404 sperit
2229 5342 2270 5388 V
2306 5343 2452 5404 (corr.
2491 5340 2584 5403 m2)
2797 5343 2916 5392 thus
2957 5342 2999 5389 T

697 5416 798 5472 ll.
869 5435 926 5470 xr
963 5428 1077 5471 ante
1114 5424 1208 5471 Per
1253 5424 1294 5471 V
1495 5426 1820 5485 responsione
1854 5426 1895 5473 V
1934 5427 1986 5488 (-
2019 5425 2135 5474 add.
2175 5425 2266 5487 νηὶ)
2487 5427 2509 5476 1
2552 5442 2711 5491 poena
2740 5429 2781 5475 V
2985 5428 3015 5477 2
3054 5424 3120 5494 si]
3155 5442 3269 5476 cum
3300 5428 3384 5478 Cro
3593 5428 3623 5476 3
3663 5431 3783 5477 mir-

525 5508 697 5555 miloni
739 5507 798 5569 Τ,
841 5510 1083 5558 mimiloni
1131 5509 1171 5556 C
1373 5511 1520 5559 thrax
1571 5511 1612 5558 V
1647 5511 1818 5573 (thrnx
1853 5510 1971 5574 m2)‚
2016 5513 2164 5560 threx
2211 5513 2264 5576 (¹,
2305 5513 2444 5563 thres
2483 5530 2524 5562 ω
2735 5516 2765 5564 4
2805 5516 2997 5563 ulrtute
3034 5515 3154 5575 quid
3193 5514 3246 5562 Μ
3456 5515 3486 5564 5
3524 5513 3782 5562 thuribula

533 5593 588 5654 Τ,
629 5594 877 5642 turribula
916 5593 972 5640 Μ
1174 5603 1382 5658 paterne
1424 5596 1465 5643 C·
1502 5599 1552 5661 (n
1591 5597 1713 5659 del.)
1962 5599 1994 5647 6
2030 5601 2163 5647 cinta
2202 5600 2258 5646 M
2476 5616 2720 5663 quaenam
2757 5615 2854 5651 om.
2899 5600 2955 5647 Μ
3170 5603 3476 5664 ippocratem
3520 5599 3617 5658 VC,
3656 5612 3780 5660 ypo-

525 5685 709 5728 cratem
748 5681 804 5727 Μ
1007 5696 1097 5730 con
1133 5697 1238 5742 mu,
1279 5683 1370 5731 cho
1409 5683 1468 5746 E,
1509 5696 1565 5732 co
1599 5688 1716 5745 cel„
1756 5684 1850 5733 Cos
1887 5685 2004 5733 Par.
2221 5686 2249 5733 7
2288 5688 2504 5735 solicitat
2546 5688 2586 5733 Τ
2795 5687 2825 5735 8
2863 5671 3136 5749 ρὴιςέίὺυε
3184 5689 3223 5734 V
3274 5690 3315 5750 (c
3352 5687 3448 5736 del.
3489 5683 3577 5746 m‘l,
3627 5690 3650 5733 t
3682 5683 3775 5744 m2,

526 5766 622 5827 pha
658 5770 710 5814 in
745 5767 866 5826 ms.)
1081 5770 1372 5829 impositum
1413 5785 1455 5818 ω

678 5867 918 5908 Avsourvs.
1109 5867 1118 5876 '
3304 5879 3363 5936 ¹8
