4630 6435
1752 242 2134 298 APPENDIX
2177 242 2238 302 (Ι.
2278 244 2750 308 PERIOCHAE).
3749 248 3872 312 239

2170 572 2320 637 XII.

799 743 911 810 37.
1457 739 1690 830 (Αὐτὰρ
1739 743 1866 809 ἐπεὶ
1910 745 2203 830 ποταμοῖο
2250 746 2415 809 λίπεν
2464 741 2597 830 ῥόον
2639 739 3013 829 Ὠκεανοῖο>.
3772 758 3875 808 456

1448 847 1712 929 Iamque
1756 847 1920 913 adeo
1966 847 2205 913 Oceani
2252 848 2531 931 liquidos
2576 847 2741 933 pede
2785 848 3061 929 liquerat
3103 868 3347 913 amnes.

799 950 1156 1036 Compertis
1202 972 1242 1016 a
1285 950 1539 1016 Tiresia
1583 957 1762 1030 vate,
1815 970 1981 1034 quae
2028 951 2303 1035 oportuit
2350 951 2539 1030 scire,
2597 950 2958 1035 regreditur
3001 949 3085 1015 ad
3131 951 3381 1015 Circam
3427 952 3510 1016 ab
3558 973 3762 1036 eaque
3808 962 3878 1021 ut

626 1054 822 1120 evitet
864 1055 1040 1119 mala
1084 1062 1298 1120 cetera
1342 1054 1675 1119 edocetur:
1732 1060 1802 1119 ut
1832 1053 2091 1119 Sirenas
2121 1059 2503 1139 praetereat,
2557 1054 2816 1119 letalem
2861 1053 3299 1136 navigantium
3345 1054 3756 1139 cantilenam,
3809 1067 3879 1125 ut

562 1177 588 1214 5
626 1157 910 1242 Scyllam
955 1157 1481 1242 praetervehatur
1525 1163 1588 1221 et
1611 1155 2007 1241 'Charybdin
2053 1157 2202 1222 freti
2248 1157 2450 1222 Siculi
2510 1156 2759 1222 famosa
2802 1162 3116 1241 portenta.
3210 1157 3441 1240 quibus
3500 1159 3692 1225 malis
3751 1182 3877 1226 non

625 1261 762 1326 sine
807 1259 990 1344 gravi
1033 1259 1449 1345 perpessione
1495 1258 1813 1345 superatis
1859 1259 2254 1326 Trinacriam
2301 1260 2703 1345 pervehitur,
2765 1259 2875 1324 ubi
2920 1259 3304 1325 incustodita
3351 1260 3519 1326 Solis
3558 1270 3869 1347 armenta,

624 1362 861 1429 frustra
903 1362 1283 1447 prohibente
1325 1362 1491 1448 ipso,
1543 1362 1739 1428 ceteri
1785 1362 1941 1428 socii
1985 1363 2252 1448 penuria
2282 1369 2552 1444 cogente
2586 1362 2902 1426 dilaniant
2932 1361 3215 1446 dirisque
3245 1363 3554 1448 prodigiis
3591 1365 3881 1431 admissa

624 1467 817 1532 boum
864 1464 1062 1531 caede
1109 1472 1442 1531 terrentur.
1536 1485 1614 1530 ac
1671 1485 1818 1530 mox
1877 1464 2030 1530 inde
2087 1465 2470 1548 navigantes
2528 1464 2793 1530 fulmine
2854 1464 2941 1529 ad
2999 1486 3192 1530 unum
3250 1487 3471 1532 omnes
3531 1467 3870 1548 intereunt,

625 1576 891 1655 excepto
922 1569 1134 1651 Vlixe,
1187 1568 1297 1650 qui
1340 1568 1699 1651 fragmento
1745 1568 2000 1633 carinae
2045 1568 2397 1634 cohaerens
2442 1575 2506 1633 et
2549 1566 2933 1633 adminiculo
2980 1568 3119 1634 eius
3150 1569 3410 1635 adiutus
3441 1570 3525 1635 ad
3556 1569 3876 1655 Ogygiam

527 1691 584 1731 ιο
621 1671 903 1737 insulam
949 1673 1124 1737 solus
1168 1670 1405 1737 enavit.

2159 1929 2320 1993 XIII
2330 1980 2343 1993 .

798 2101 910 2167 38.
1452 2096 1820 2186 (Ως.ἔφατ’,
1873 2101 1930 2164 οἱ
1976 2095 2027 2163 δ’
2090 2091 2203 2185 ἄρα
2247 2096 2462 2173 πάντες
2507 2097 2658 2184 ἆκήν
2705 2101 2969 2186 ἐγένοντο
3015 2107 3234 2187 σιωπῇ.
3776 2114 3875 2163 457

1452 2204 1828 2270 Conticuere
1873 2222 2095 2268 omnes
2139 2203 2493 2287 intentique
2536 2224 2650 2271 ora
2691 2204 3019 2269 tenebant.

796 2307 1126 2372 Enarratis
1171 2307 1501 2389 omnibus,
1569 2326 1738 2390 quae
1782 2307 1850 2370 in
1894 2306 2235 2391 multiplici
2280 2326 2493 2372 errore
2539 2306 2923 2392 pertulerat,
2991 2326 3032 2371 a
3074 2306 3471 2392 principibus
3520 2309 3879 2376 Phaeaciae

624 2411 779 2475 viris
825 2409 1009 2475 donis
1052 2409 1347 2494 plurimis
1392 2409 1756 2476 honoratur.
1836 2430 1877 2474 a
1920 2409 2153 2492 quibus
2196 2410 2465 2493 remigio
2496 2418 2560 2476 et
2588 2409 2973 2476 necessariis
3004 2411 3296 2479 omnibus
3327 2412 3512 2476 navis
3549 2412 3882 2479 instruitur

561 2535 588 2573 5
628 2513 1075 2596 dormiensque
1119 2512 1186 2577 in
1231 2512 1517 2578 Ithacam
1563 2512 1963 2595 quietissima
2008 2512 2418 2595 navigatione
2464 2512 2824 2579 devehitur.
2917 2520 3109 2595 atque
3153 2512 3289 2578 illic
3331 2513 3398 2578 in
3442 2522 3625 2599 portu
3669 2516 3879 2600 patrio

628 2637 768 2682 cum
814 2616 1183 2682 muneribus
1229 2614 1548 2681 universis
1593 2615 1931 2697 quiescens
1977 2621 2041 2680 et
2085 2615 2364 2679 omnium
2409 2615 2677 2699 ignarus
2723 2616 3092 2700 exponitur,
3158 2616 3562 2682 Phaeacibus
3607 2638 3684 2683 eo
3729 2619 3881 2684 dor-

626 2721 860 2788 miente
904 2719 1360 2786 remeantibus.

2145 2974 2361 3040 XHII.

798 3149 909 3219 39.
1453 3143 1658 3233 Αὐτὰρ
1703 3141 1734 3210 ὃ
1781 3148 1849 3210 ἐκ
1894 3148 2129 3232 λιμένος
2174 3149 2442 3234 προσέβη
2489 3149 2773 3234 τρηχεῖαν
2820 3143 3104 3234 ἀταρπόν.
3778 3157 3879 3207 458

1449 3250 1793 3333 Egreditur
1835 3258 2020 3335 portu
2063 3252 2275 3317 tenuis
2320 3271 2446 3333 quo
2491 3252 2721 3317 semita
2766 3250 2962 3317 ducit.

799 3360 1033 3423 Somno
1077 3354 1452 3440 expergitus
1496 3354 1723 3419 Vlixes
1781 3361 2029 3439 portum
2088 3360 2153 3419 et
2210 3354 2362 3420 litus
2419 3354 2666 3438 patriae
2728 3374 2854 3419 non
2914 3354 3054 3419 sine
3112 3352 3309 3419 animi
3369 3354 3879 3419 consternatione

627 3461 952 3544 cognoscit
993 3458 1491 3541 admiraturque,
1546 3464 1616 3522 ut
1657 3456 1989 3537 advectus,
2044 3464 2114 3522 ut
2156 3456 2522 3541 exposituS,
2575 3464 2646 3523 ut
2688 3456 2953 3521 relictus
2999 3456 3101 3522 sit.
3197 3463 3268 3521 ut
3312 3464 3541 3521 cuncta
3582 3456 3879 3521 nesciens

565 3587 589 3624 ⁵
627 3562 891 3645 requirit
934 3563 1236 3627 universa
1278 3560 1622 3626 donorum:
1676 3580 1844 3643 quae
1890 3568 2229 3645 postquam
2273 3560 2622 3625 incolumia
2668 3559 2867 3640 videt,
2920 3580 3110 3642 quam
3155 3565 3368 3643 potest
3409 3558 3731 3624 tutissime
3769 3580 3877 3624 oc-

627 3668 825 3732 cultat
885 3665 1299 3748 consiliisque
1358 3685 1400 3728 a
1456 3663 1746 3729 Minerva
1801 3664 2211 3729 confirmatus
2268 3663 2356 3728 ad
2414 3681 2668 3729 servum
2729 3663 3082 3728 Eumaeum
3143 3662 3477 3728 subulcum
3538 3662 3878 3727 simulatus

625 3769 905 3849 accedit,
956 3767 1259 3850 naufragi
1303 3774 1368 3832 et
1411 3766 1836 3833 mendicantis
1880 3766 2152 3832 imitatu.
2246 3766 2678 3850 interrogatus
2726 3765 2962 3832 deinde
3007 3766 3151 3849 quis
3197 3771 3403 3847 esset,
3477 3764 3572 3830 ait
3614 3784 3758 3830 esse
3808 3784 3878 3829 se

630 3872 953 3939 Cresium:
1022 3871 1091 3936 in
1135 3873 1504 3955 Aegyptum
1549 3872 1962 3955 navigantem
2009 3871 2267 3937 Troiam
2313 3869 2516 3936 fuisse
2562 3870 2870 3936 delatum.
2963 3870 3314 3934 Eumaeum
3360 3874 3494 3933 tum
3540 3868 3879 3933 affectione

625 3975 1054 4041 maestissima
1097 3994 1417 4059 peragens
1465 3980 1734 4057 cogente
1778 3974 2056 4057 denique
2102 3992 2377 4058 vespera
2421 3980 2486 4038 et
2526 3973 2732 4038 imbre
2778 3972 3073 4039 continuo
3119 3971 3347 4054 sagulo
3394 3970 3718 4035 amicitur:
3779 3976 3879 4035 at-

531 4100 586 4139 ιο
626 4099 750 4163 que
794 4077 1037 4144 ibidem
1082 4076 1287 4142 multa
1330 4096 1546 4142 secum
1591 4077 1859 4143 volvens
1904 4076 2164 4142 tandem
2212 4076 2505 4142 concedit
2549 4075 2771 4158 quieti.

798 4420 899 4476 87.
972 4422 1002 4471 2
1039 4423 1235 4471 occeani
1275 4421 1321 4467 P
1526 4436 1681 4471 annes
1719 4423 1764 4470 P
2004 4424 2032 4472 3
2074 4424 2256 4472 teresia
2297 4423 2340 4468 P
2544 4423 2685 4470 Circe
2732 4421 2817 4481 Cy.
3072 4420 3104 4467 4
3142 4421 3291 4467 malis
3326 4420 3505 4466 ceteris
3544 4416 3588 4462 P
3793 4432 3876 4477 sy-

625 4524 770 4559 renas
806 4510 851 4556 P
890 4509 981 4569 Uy.
1219 4508 1248 4555 5
1284 4507 1476 4556 scillam
1513 4506 1559 4554 P
1760 4510 1994 4569 carybdin
2036 4510 2093 4569 P,
2136 4510 2436 4568 Charybdim
2482 4507 2570 4568 Cy.
2802 4508 2832 4555 6
2869 4506 3188 4554 trinachriam
3227 4505 3269 4552 P
3475 4503 3562 4550 ubi
3600 4508 3669 4580 et.
3688 4502 3745 4562 P,
3789 4504 3877 4551 ubi

625 4611 682 4645 ea
726 4596 840 4656 Cy„
883 4597 973 4643 ubi
1021 4592 1165 4644 Ven.⁴
1395 4592 1422 4640 7
1465 4595 1611 4643 sociis
1655 4594 1743 4654 Cy.
1979 4596 2194 4644 admissa
2231 4597 2294 4643 ad
2329 4596 2479 4643 boum
2518 4593 2562 4641 P
2789 4591 2818 4640 S
2857 4606 2910 4640 ac
2951 4590 2993 4637 P
3025 4606 3114 4638 mo.
3160 4591 3401 4649 Accurst‘t',
3444 4595 3496 4636 at
3538 4587 3621 4649 Uy.
3664 4589 3808 4648 volyo

624 4683 832 4729 flumine
874 4679 916 4726 P
1120 4679 1152 4729 9
1188 4681 1465 4742 fragmento
1500 4680 1688 4728 lacerae
1726 4681 1868 4728 navis
1906 4680 2079 4741 Delph.
2125 4682 2239 4742 Bip.
2454 4693 2689 4740 agygyam
2732 4679 2775 4726 P

796 4762 897 4818 88·
974 4766 995 4816 1
1037 4771 1148 4816 ΕΦΑ
1185 4768 1229 4814 Ρ
1489 4769 1721 4815 ΟΙωΠΗΝ
1763 4765 1805 4812 Ρ
2069 4766 2099 4815 2
2147 4768 2284 4827 Very.
2328 4769 2450 4814 Aen.
2494 4767 2551 4812 ΙΙ
2587 4771 2610 4814 1
2882 4777 3052 4812 omnes
3088 4775 3261 4810 omnes
3297 4761 3342 4808 P
3605 4759 3634 4807 3
3673 4760 3797 4807 fetie
3834 4757 3881 4805 P

625 4854 653 4901 4
692 4870 719 4900 a
754 4867 851 4901 om.
901 4852 990 4913 Uo.
1204 4854 1234 4902 5
1271 4855 1496 4915 ythacam
1534 4853 1579 4900 P
1783 4852 1815 4901 6
1851 4865 2049 4900 omnem
2087 4854 2132 4900 P
2337 4852 2599 4914 phiacibus
2638 4852 2682 4898 P

797 4935 898 4991 89.
975 4939 994 4988 1
1041 4944 1187 4990 ΟΔΕΚ
1225 4942 1269 4989 Ρ
1542 4942 1985 4989 ΤΠΗΧΕΙΑΝΑΤΑΡ.
2027 4938 2072 4985 Ρ
2365 4937 2395 4985 2
2443 4938 2579 4998 Ver-9.
2624 4939 2748 4985 Aen.
2793 4936 2867 4983 XI
2900 4935 3001 4984 52⁴
3297 4931 3327 4981 3
3367 4931 3733 4993 expergiscitus
3780 4929 3869 4991 Uy.

625 5026 656 5074 4
692 5028 891 5074 nesciet
927 5025 987 5079 Ρ.
1028 5030 1241 5078 nesciret
1284 5027 1375 5089 L'y.
1414 5028 1575 5088 volqo,
1617 5026 1848 5074 nesciens
1882 5038 1970 5084 eqo
2284 5024 2313 5071 5
2351 5024 2653 5072 incolumlna
2692 5023 2737 5070 P
3039 5021 3070 5069 6
3106 5033 3307 5070 servum
3343 5033 3488 5067 snum
3535 5017 3623 5078 Cy.
3664 5018 3806 5077 volvo

624 5113 837 5160 eubeum
877 5111 921 5157 P
1162 5116 1189 5165 7
1227 5117 1436 5169 'imitatu
1475 5112 1521 5159 P
1759 5124 1812 5159 se
1848 5124 1959 5159 esse
2005 5110 2094 5171 Cy.
2137 5111 2279 5169 volyo
2523 5109 2553 5159 8
2592 5122 2784 5157 cresum
2824 5108 2868 5154 P
2909 5107 3023 5169 129„
3063 5107 3295 5155 Cresium
3342 5100 3486 5152 Veri.⁴
3729 5104 3877 5162 egip-

623 5202 730 5244 tum
769 5195 813 5243 P
1051 5203 1175 5256 troffi
1210 5208 1257 5258 Ρ
1297 5202 1410 5263 Cy„
1467 5198 1613 5246 Troia
1653 5198 1765 5247 Tou
1799 5199 1942 5257 volqo
2186 5198 2396 5243 eumeni
2437 5193 2480 5240 P
2720 5207 2830 5242 cum
2868 5192 2926 5252 P,
2969 5195 3119 5240 etiam
3156 5206 3267 5239 cum
3314 5190 3402 5250 Uq.
3442 5192 3599 5251 υοίρο,
3642 5194 3753 5236 tum
3788 5201 3874 5248 eyo

624 5280 656 5329 9
690 5295 900 5343 pergens
939 5280 985 5327 P
1023 5281 1132 5361 Hy„
1170 5298 1459 5374 perurgens
1507 5280 1615 5332 Vin'.
1657 5285 1815 5344 v0l90,
1857 5297 2097 5345 peragens
2133 5295 2220 5342 eqo
2499 5288 2548 5327 et
2585 5286 2789 5340 cogente
2829 5278 2873 5325 P
2912 5276 3000 5337 Uy.
3042 5278 3199 5338 volyo,
3244 5283 3295 5324 et
3332 5275 3485 5324 delevi
3762 5287 3876 5322 ves·

622 5380 738 5429 pere
783 5366 870 5427 Cy.
909 5366 1041 5427 volvo
1245 5377 1507 5441 ⁸minetur
1545 5368 1589 5414 P
1799 5368 1860 5417 10
1897 5369 2019 5416 mlta
2055 5367 2099 5415 P
2305 5366 2522 5415 concidit
2560 5366 2603 5413 P
