4630 6435
1795 429 2219 488 EPISTVLAE
2264 434 2593 497 (IIII—VI).
3702 441 3822 504 163

1237 616 1420 683 milia
1462 617 1563 683 bis
1608 626 1934 702 nongenta
1977 620 2156 687 iubet
2199 621 2514 689 dimensio
2559 626 2776 708 legum

1410 722 1831 789 adnumerata
1876 744 2018 790 reos
2064 746 2179 809 per
2224 733 2317 792 tot
2359 728 2535 794 obire
2581 729 2740 794 dies.

1237 826 1363 890 iam
1410 826 1587 910 potui
1634 828 1899 893 Romam
1947 829 2147 913 pedes
2192 830 2285 897 ire
2332 832 2660 916 pedesque
2705 834 2974 916 reverti,

1410 949 1492 995 ex
1538 951 1661 1014 quo
1707 938 1769 996 te
1816 931 2123 999 dirimunt
2165 935 2350 999 milia
2397 956 2602 1020 pauca
2647 937 2829 1002 mihi.

1072 1049 1129 1089 1⁵
1237 1032 1488 1116 scirpea
1533 1033 1904 1099 Dumnitoni
1950 1036 2109 1100 tanti
2157 1044 2256 1101 est
2301 1038 2611 1104 habitatio
2659 1041 2835 1104 vati?

1408 1136 1747 1202 Pauliacos
1791 1139 1953 1203 tanti
1997 1161 2124 1204 non
2168 1141 2326 1206 mihi
2373 1142 2532 1206 villa
2576 1142 2760 1209 foret.

1236 1261 1321 1305 an
1368 1240 1520 1322 quia
1564 1260 1676 1325 per
1721 1242 2007 1307 tabulam
2056 1244 2257 1328 digito
2302 1252 2627 1330 pangente
2672 1253 2957 1313 notatam

1410 1343 1629 1410 debita
1674 1365 1925 1412 summa
1969 1347 2126 1412 mihi
2173 1355 2304 1431 est,
2359 1370 2439 1415 ne
2484 1357 2885 1435 repetamus,
2942 1353 3140 1417 abes?

1237 1448 1336 1513 bis
1384 1455 1629 1533 septem
1676 1451 1935 1529 rutilos,
1987 1453 2209 1534 regale
2253 1452 2603 1535 nomisma,
2655 1455 3019 1539 Philippos,

1069 1567 1130 1609 20
1409 1573 1489 1617 ne
1533 1554 1694 1618 tanti
1740 1554 2010 1635 fuerint,
2067 1555 2336 1639 perdere
2382 1559 2588 1639 malo,
2652 1559 2908 1638 Theon,

1235 1656 1615 1740 implicitum
1661 1677 1853 1740 quam
1900 1666 1962 1723 te
2008 1660 2243 1724 nostris
2290 1660 2536 1725 interne
2590 1662 2893 1726 medullis

1409 1758 1629 1824 defore
1673 1767 1803 1825 tam
1851 1761 2026 1844 longi
2071 1762 2379 1847 temporis
2424 1763 2492 1828 in
2545 1764 2779 1848 spatio,
2941 1838 2958 1844 ,

1240 1883 1394 1946 ergo
1439 1870 1550 1927 aut
1596 1863 1959 1947 praedictos
2004 1865 2132 1929 iam
2180 1886 2351 1930 nunc
2395 1867 2675 1932 rescribe
2721 1867 2951 1933 Darios

1409 1974 1473 2031 et
1518 1965 1795 2049 redime,
1854 1976 1925 2033 ut
1968 1989 2148 2033 mora
2192 1969 2275 2034 sit
2321 1970 2526 2035 libera
2572 1970 2896 2049 desidiae,

1071 2086 1133 2128 2⁵
1236 2079 1347 2136 aut
1392 2071 1555 2136 alios
1599 2093 1641 2137 a
1685 2091 1787 2136 me
1833 2072 2099 2137 totidem
2148 2073 2346 2152 dabo,
2399 2074 2742 2141 dummodo
2788 2076 2922 2140 cari

1408 2174 1740 2260 conspicer
1785 2196 1897 2240 ora
1940 2176 2090 2255 viri,
2144 2178 2451 2262 pauperis
2499 2197 2699 2262 usque
2749 2178 2918 2244 licet.

1236 2299 1450 2364 puppe
1495 2280 1659 2344 citus
1705 2300 1976 2363 propera
2022 2280 2408 2363 sinuosaque
2454 2281 2653 2346 lintea
2698 2283 2825 2347 veli

1409 2381 1640 2466 pande.
1735 2382 2074 2448 Medullini
2118 2390 2182 2449 te
2227 2383 2394 2448 feret
2438 2404 2596 2450 aura
2639 2386 2772 2451 noti

1237 2486 1596 2569 expositum
1644 2486 1863 2551 subter
1904 2485 2188 2570 paradas
2234 2487 2527 2571 lectoque
2573 2487 2920 2569 iacentem,

1070 2605 1131 2646 ³0
1410 2589 1693 2673 corporis
1739 2597 1810 2654 ut
1853 2590 2010 2654 tanti
2059 2610 2183 2654 non
2232 2597 2562 2656 moveatur
2608 2612 2789 2658 onus.

1238 2713 1401 2760 unus
1447 2692 1818 2757 Dumnitoni
1863 2700 1926 2758 te
1973 2693 2154 2759 litore
2202 2694 2483 2778 perferet
2524 2703 2742 2761 aestus

1408 2797 1758 2864 Condatem
1807 2796 1893 2862 ad
1937 2804 2223 2881 portum,
2278 2798 2335 2863 si
2380 2798 2565 2862 modo
2613 2798 3024 2883 deproperes.

1234 2901 1427 2983 inque
1473 2899 1678 2965 vicem
1725 2900 1888 2983 veli,
1941 2900 2236 2983 quotiens
2282 2900 2398 2966 tibi
2443 2899 2707 2967 flamina
2752 2911 3038 2984 cessant,

1409 3002 1799 3088 remipedem
1844 3003 2073 3069 iubeas
2118 3004 2409 3089 protinus
2453 3004 2548 3070 ire
2594 3012 2818 3071 ratem.

1071 3122 1133 3163 ³⁵
1236 3107 1527 3173 invenies
1572 3114 1830 3191 praesto
1876 3106 2217 3173 subiuncta
2260 3109 2572 3192 petorrita
2616 3109 2841 3174 mulis:

1406 3211 1567 3277 villa
1612 3210 1854 3277 Lucani
1900 3233 2049 3278 mox
2094 3212 2356 3298 potieris
2400 3233 2536 3279 aco,

1238 3318 1509 3382 rescisso
1554 3316 1736 3382 disee
1785 3315 1929 3401 <en>
1979 3337 2335 3402 conponere
2380 3317 2639 3383 nomine
2685 3337 2968 3383 versum:

1407 3421 1615 3485 Lucili
1663 3421 1828 3485 vatis
1874 3422 1967 3485 sie
2010 3420 2293 3485 imitator
2337 3421 2487 3486 eris.

1048 3814 1159 3880 VI.
1217 3814 1642 3881 AVSONIVS
1688 3814 2019 3882 CONSVL
2065 3814 2360 3881 VATEM
2407 3814 2853 3882 RESALVTO
2899 3817 3337 3883 THEONEM.

1234 4008 1447 4071 Aurea
1492 4006 1693 4087 mala,
1747 4006 2003 4087 Theon,
2061 4012 2159 4072 set
2204 4006 2511 4090 plumbea
2553 4006 2840 4070 earmina
2884 4007 3103 4072 mittis.
3718 4030 3818 4079 395

1406 4109 1594 4174 unius
1640 4129 1893 4175 massae
1939 4111 2081 4192 quis
2130 4116 2312 4193 putet
2358 4108 2476 4174 has
2524 4109 2822 4192 species?
3722 4116 3815 4178 (V)

741 4459 803 4507 V.
885 4456 947 4506 19
983 4457 1106 4508 Hor.
1147 4459 1312 4518 Epist.
1355 4459 1406 4505 II
1447 4457 1493 4518 1,
1536 4457 1636 4506 234
1673 4457 1837 4518 regale
1874 4459 2117 4505 nomisma
2153 4457 2444 4520 Philippos3
2485 4456 2556 4516 cf.
2600 4456 2749 4518 epist.
2792 4456 2970 4503 XVIII
3008 4456 3038 4504 5

735 4546 828 4592 vl.
908 4544 930 4593 1
974 4546 1121 4604 Verg.
1164 4544 1271 4593 Eel.
1315 4546 1390 4592 111
1430 4543 1487 4592 71
1542 4558 1691 4592 aurea
1736 4544 1865 4591 mala
1910 4545 2082 4592 decem
2128 4545 2272 4605 misi;
2332 4543 2403 4603 cf.
2444 4544 2601 4591 Anth.
2643 4543 2734 4590 lat.
2776 4541 2896 4604 218,
2942 4542 2963 4590 1
3007 4543 3065 4591 R.
3107 4557 3257 4592 aurea
3294 4545 3423 4591 mala
3458 4545 3617 4604 mihi,
3656 4546 3821 4594 dulcis

564 4646 673 4680 mea
708 4632 908 4693 Marcia,
951 4632 1115 4679 mittis

738 4962 793 5012 11
838 4963 1108 5022 nonaginta
1140 4962 1181 5009 V
1210 4975 1335 5010 corr.
1380 4959 1605 5008 Pithoeus
1813 4960 2070 5009 demensio
2115 4960 2156 5006 V
2367 4958 2426 5007 12
2464 4960 2605 5007 ouire
2651 4957 2692 5004 V
2720 4973 2846 5007 corr.
2890 4956 3118 5005 Pithoeus
3330 4956 3390 5006 15
3429 4958 3740 5006 domnotonis
3787 4959 3826 5005 V

569 5056 612 5116 (o
648 5055 737 5102 alt.
780 5067 837 5100 ez
872 5053 907 5114 i)
1181 5048 1242 5097 16
1279 5048 1546 5095 Pauliacos
1583 5047 1715 5096 θοαὶ.
1756 5047 1896 5106 υοῑρο
2157 5044 2216 5093 17
2254 5046 2426 5093 tubuli
2468 5047 2512 5107 (Ξ
2546 5058 2603 5092 αι
2638 5061 2666 5092 a
2700 5041 2789 5103 m2)
2832 5044 3026 5093 medica
3061 5057 3229 5106 pugna
3272 5044 3325 5103 V,
3369 5044 3590 5091 tabulam
3628 5042 3822 5092 medico

559 5145 813 5205 pugnante
849 5138 1014 5198 Luyd.
1055 5138 1227 5197 volvo,
1288 5135 1507 5184 tabulam
1554 5134 1707 5194 digito
1753 5138 2012 5196 pugnante
2056 5133 2199 5196 (idem
2235 5132 2362 5195 quod
2398 5130 2724 5193 repugnante)
2775 5132 2909 5191 Tou,
2970 5132 3186 5178 tabulam
3235 5130 3391 5192 digito
3441 5136 3690 5191 pangente
3734 5144 3820 5191 syo

569 5227 629 5277 18
667 5242 812 5275 suma
843 5226 885 5273 V
911 5225 1051 5284 (corr.
1080 5220 1170 5284 m2)
1383 5220 1449 5269 20
1487 5235 1579 5268 nec
1612 5221 1832 5281 Vvolyo,
1874 5235 1938 5268 ne
1965 5220 2195 5269 Pithoeus
2393 5224 2509 5267 teon
2543 5218 2584 5264 V
2785 5216 2850 5265 23
2889 5216 2988 5265 aud
3021 5217 3062 5264 V
3085 5219 3124 5278 (t
3147 5215 3234 5278 ¹11²)
3441 5220 3592 5266 turios
3631 5218 3672 5264 V
3692 5232 3814 5266 corr.

563 5315 792 5363 Pithoeus
1000 5309 1065 5359 25
1103 5312 1216 5358 abos
1242 5325 1270 5356 a
1294 5324 1373 5357 me
1398 5309 1627 5357 totidiem
1659 5309 1701 5356 V
1722 5323 1846 5356 corr.
1879 5307 2106 5354 Pithoeus
2317 5304 2382 5354 28
2421 5318 2505 5353 ors
2543 5305 2653 5366 Bip.
2869 5303 2929 5351 31
2972 5296 3414 5353 unussdf'snnotoni
3448 5305 3487 5351 V
3514 5298 3559 5362 (ὃ
3583 5317 3640 5352 ex
3663 5318 3690 5351 o
3714 5302 3815 5364 m²;

561 5405 613 5450 in
634 5416 733 5461 my.
762 5396 837 5448 m²
861 5399 943 5446 hic
970 5412 1030 5446 .s.
1061 5397 1315 5459 liquescit)
1527 5395 1699 5442 littore
1720 5381 1893 5460 ⁴pt'er⁰t
1925 5393 1964 5439 V
2001 5395 2048 5454 (e
2073 5389 2159 5453 m2)
2379 5390 2445 5440 33
2483 5392 2628 5438 uenti
2661 5390 2883 5451 Vv0190,
2911 5389 3010 5437 veli
3037 5389 3274 5437 Heinsius
3485 5381 3564 5437 tva
3598 5390 3819 5451 Vvol90,

560 5503 649 5537 sua
686 5488 945 5546 Heinsius,
986 5485 1078 5534 tibi
1115 5496 1201 5544 eqo
1479 5479 1544 5528 35
1580 5481 1792 5543 petorita
1835 5479 1876 5526 V
2148 5478 2214 5527 36
2246 5482 2358 5539 post
2392 5492 2477 5526 aco
2514 5480 2568 5525 in
2612 5477 2653 5524 V
2682 5490 2781 5524 ras.
2825 5475 2856 5523 5
2892 5474 2996 5534 fere
3032 5477 3163 5537 litt.;
3222 5479 3277 5523 in
3313 5490 3413 5535 my.
3453 5472 3527 5524 m2
3562 5475 3822 5524 luceniseo

560 5575 623 5624 37
662 5576 798 5623 disee
845 5572 899 5633 V,
942 5572 1104 5619 disces
1141 5569 1375 5616 Heinsius
1408 5569 1567 5629 υοιρο,
1611 5567 1747 5615 disee
1784 5580 1847 5614 en
1884 5581 1999 5614 eum
2034 5564 2200 5615 codem
2233 5566 2407 5624 scripsi
2615 5560 2682 5611 38
2719 5563 2882 5611 lucilii
2927 5561 2965 5607 V
2997 5577 3123 5610 οοπ.
3160 5562 3263 5609 Tell
3471 5547 3820 5611 mimmii-eris

567 5663 609 5710 V
641 5663 714 5723 (or
748 5656 839 5722 mff)

738 5765 822 5813 vl.
900 5761 1077 5810 Eidem
1116 5759 1307 5808 Theoni
1344 5759 1502 5820 Stel„
1544 5761 1629 5819 qui
1666 5760 1868 5807 tinctum
1902 5773 1990 5819 pro
2023 5759 2185 5819 primo
2220 5756 2368 5803 huius
2402 5757 2636 5804 caminis
2670 5767 2813 5802 versu
2847 5755 3053 5816 aceepit,
3093 5754 3254 5812 voly0.
3295 5776 3363 5786 -
3398 5732 3604 5799 Thefiu
3650 5750 3691 5796 V

3298 5852 3358 5901 21
3381 5852 3406 5879 ⁴*
