4630 6435
774 438 894 501 182
2248 424 2555 480 AVSONII

767 624 932 689 illud
978 623 1058 689 de
1105 623 1525 708 epistularum
1573 628 1825 685 tuarum
1873 618 2250 699 eruditione,
2306 616 2388 682 de
2434 615 2748 701 poematis
2794 613 3212 696 iucunditate,
3266 614 3348 679 de
3382 612 3751 678 inventione
3781 618 3846 676 et
3875 632 4029 677 con-

769 727 1151 808 cinnatione,
1215 727 1354 791 iuro
1401 725 1616 789 omnia
1662 722 1823 787 nulli
1869 742 2171 805 umquam
2218 720 2533 785 imitabile
2581 719 2894 797 futurum,
2962 717 3083 783 etsi
3127 717 3406 782 fateatur
3449 716 3853 781 imitandum.
3947 713 4029 779 de

767 851 891 912 quo
937 831 1267 914 opuscuIO,
1322 839 1391 896 ut
1436 829 1638 909 iubes,
1693 826 1952 891 faciam.
2049 824 2416 907 exquisitim
2462 824 2766 887 universa
2810 821 3047 886 limabo
3094 828 3159 886 et
3202 819 3498 903 quamvis
3544 840 3660 904 per
3704 826 3767 883 te
3800 836 4028 882 manus
4072 837 4135 877 ιε

767 954 1018 999 summa
1051 934 1406 1016 contigerit,
1460 933 1708 997 caelum
1758 928 2119 1015 superfluae
2167 927 2573 1012 expolitionis
2618 926 2964 1005 adhibebo,
3016 924 3225 1009 magis
3256 930 3327 988 ut
3353 922 3470 988 tibi
3502 943 3786 1007 paream,
3837 941 4027 1004 quam

769 1045 837 1102 ut
882 1037 1184 1122 perfectis
1229 1035 1472 1120 aliquid
1519 1035 1819 1100 adiciam.
1913 1033 2161 1097 interea
2204 1038 2443 1111 tamen,
2496 1051 2577 1096 ne
2625 1029 2762 1095 sine
2809 1029 3140 1093 corollario
3186 1026 3435 1112 poetico
3476 1025 3852 1091 tabellarius
3882 1030 4031 1087 tuus

766 1141 1039 1220 rediret,
1111 1141 1333 1225 paucis
1391 1139 1686 1205 iambicis
1748 1135 2253 1223 praeludendum
2312 1134 2556 1219 putavi,
2612 1133 2764 1198 dum
2810 1133 3007 1214 illud,
3075 1130 3247 1214 quod
3292 1151 3333 1194 a
3376 1149 3480 1193 me
3524 1127 3780 1193 heroico
3825 1131 4027 1190 metro

770 1242 1125 1324 desideras,
1179 1244 1533 1308 incohatur.
1610 1241 1721 1306 isti
1766 1248 2003 1319 tamen,
2055 1239 2148 1303 ita
2192 1245 2256 1304 te
2288 1245 2353 1304 et
2383 1236 2763 1322 Hesperium
2811 1236 3028 1301 salvos
3058 1235 3353 1315 habeam,
3408 1231 3578 1317 quod
3611 1230 3817 1315 spatio
3846 1229 4030 1293 lucu-

769 1346 1213 1412 bratiunculae
1261 1347 1449 1411 unius
1496 1345 1705 1424 effusi,
1760 1363 2147 1429 quamquam
2194 1343 2314 1407 hoc
2359 1341 2489 1426 ipsi
2536 1341 2616 1405 de
2664 1359 2734 1405 se
2780 1340 3160 1424 probabunt,
3209 1344 3425 1402 tamen
3456 1334 3617 1399 nihil
3649 1330 4026 1416 diligentiae
4068 1352 4133 1393 20

769 1449 1090 1516 ulterioris
1125 1450 1518 1515 habuerunt.
1612 1448 1781 1513 vale.

2366 1736 2431 1801 2.

1439 1913 1665 1978 Iambe
1711 1911 1968 1977 Parthis
2015 1917 2080 1976 et
2122 1909 2457 1994 Cydonum
2507 1909 2805 1994 spiculis,
3924 1915 4025 1964 413

1437 2016 1651 2081 iambe
1696 2014 1911 2099 pinnis
1956 2014 2184 2078 alitum
2228 2012 2542 2094 velocior,

1438 2119 1598 2185 Padi
1645 2119 1885 2184 ruentis
1929 2118 2174 2202 impetu
2222 2117 2596 2197 torrentior,

1438 2243 1675 2305 magna
1719 2242 1988 2287 sonorae
2035 2220 2371 2304 grandinis
2419 2220 2482 2285 vi
2528 2220 2822 2299 densior,

1303 2350 1328 2389 5
1436 2325 1712 2391 flammis
1758 2326 2005 2391 corusci
2049 2324 2329 2407 fulguris
2375 2323 2714 2403 vibratior,

1435 2430 1566 2495 iam
1610 2449 1780 2494 nunc
1825 2449 1943 2513 per
1987 2447 2178 2493 auras
2225 2428 2449 2493 Persei
2492 2428 2806 2492 talaribus

1435 2540 1789 2618 petasoque
1837 2532 1988 2598 ditis
2032 2532 2321 2597 Arcados
2366 2537 2589 2596 vectus
2635 2532 2805 2596 vola.

1437 2637 1493 2702 si
1537 2656 1694 2702 vera
1739 2636 1915 2700 fama
1961 2642 2092 2719 est,
2146 2635 2591 2720 Hippocrene,
2644 2656 2834 2718 quam
2882 2635 3071 2719 pedis

1435 2741 1629 2825 pulsu
1678 2740 1938 2805 citatam
1988 2739 2279 2823 cornipes
2327 2738 2495 2804 fudit
2537 2738 2848 2819 fremens,

1270 2865 1327 2906 ιο
1435 2852 1502 2909 tu
1549 2846 1725 2910 fonte
1769 2844 1838 2908 in
1883 2844 2027 2927 ipso
2073 2849 2443 2927 procreatus
2489 2842 2762 2926 Pegasi,

1434 2948 1679 3033 primus
1725 2967 2036 3012 novorum
2083 2953 2287 3011 metra
2332 2944 2600 3012 iunxisti
2648 2945 2883 3030 pedum

1436 3051 1645 3133 iisque
1691 3051 1892 3116 Musis
1938 3049 2418 3115 concinentibus
2464 3069 2694 3114 novem

1437 3154 1703 3221 caedem
1748 3154 1814 3219 in
1864 3153 2162 3220 draconis
2211 3152 2544 3219 concitasti
2590 3152 2870 3217 Delium.

1435 3259 1531 3324 fer
1577 3258 1745 3323 hanc
1790 3258 2063 3323 salutem
2115 3277 2393 3343 praepes
2438 3265 2503 3322 et
2547 3256 2909 3341 volucripes

1271 3384 1328 3424 ιε,
1437 3362 1691 3427 Paulini
1735 3361 1820 3426 ad
1866 3381 2068 3443 usque
2113 3361 2405 3442 moenia,
2458 3361 2891 3444 Ebromagum
2942 3360 3195 3444 loquor,

1436 3474 1501 3532 et
1545 3466 1860 3550 protinus,
1914 3465 2048 3530 iam
2096 3465 2152 3530 si
2197 3465 2543 3550 resumptis
2588 3464 2833 3529 viribus

1435 3569 1637 3635 alacri
1681 3568 1904 3634 refecti
1952 3567 2233 3652 corporis
2278 3574 2454 3632 motu
2502 3567 2706 3651 viget,

1435 3673 1690 3738 salvere
1734 3672 1980 3737 iussum
2027 3693 2174 3737 mox
2219 3690 2486 3756 reposce
2532 3678 2846 3737 mutuum.

1437 3776 1596 3840 nihil
1643 3775 1909 3841 moreris
1953 3775 2243 3859 iamque,
2300 3774 2452 3839 dum
2498 3775 2757 3857 loquor,
2809 3774 2986 3856 redi,

1270 3899 1331 3941 20
1439 3878 1726 3944 imitatus
1772 3879 1956 3944 illum
2001 3878 2220 3963 stirpis
2266 3884 2593 3943 auctorem
2636 3885 2825 3959 tuae,

1438 3982 1677 4066 triplici
1723 3983 2038 4047 furentem
2086 3982 2197 4063 qui
2244 3981 2653 4047 Chimaeram
2699 3980 2994 4045 incendio

1440 4085 1877 4170 supervolavit
1921 4092 2094 4151 tutus
2139 4085 2294 4168 igne
2342 4085 2651 4170 proximo

1437 4189 1567 4254 dic:
1627 4188 1751 4274 <te>
1800 4189 2056 4271 valere,
2110 4189 2242 4255 dic:
2299 4190 2554 4255 salvere
2600 4196 2665 4254 te
2708 4189 2888 4254 iubet

938 4503 1003 4551 20
1041 4505 1170 4553 Stat.
1213 4504 1339 4552 Silv.
1382 4504 1405 4549 I
1442 4503 1600 4564 praes.
1649 4501 1710 4550 19
1736 4518 1809 4564 sq.
1853 4503 2093 4563 quaedam
2133 4508 2187 4549 et
2220 4504 2277 4550 in
2315 4503 2535 4563 singulis
2572 4503 2752 4551 diebus
2788 4504 2975 4564 effusa,
3019 4516 3319 4563 quamquam
3359 4503 3538 4565 timeo,
3580 4518 3645 4551 ne
3683 4519 3858 4551 verum
3896 4505 4032 4552 istuc

765 4604 937 4639 versus
976 4604 1176 4652 quoque
1214 4591 1312 4651 ipsi
1352 4590 1413 4636 de
1451 4604 1506 4637 se
1541 4590 1751 4651 probent

936 4672 997 4727 2·
1077 4676 1095 4725 l
1139 4677 1289 4736 Verg.
1332 4676 1443 4723 Ecl.
1483 4675 1534 4722 X
1571 4673 1635 4721 59
1672 4675 1854 4723 Partho
1892 4680 2124 4736 torquere
2164 4674 2386 4734 Cydonia
2419 4688 2574 4722 cornu
2611 4675 2804 4736 spicula

936 4967 999 5018 13
1036 4970 1363 5032 epistolarum
1390 4983 1432 5016 ω
1632 4967 1937 5016 iocunditate
1968 4965 2071 5014 TM
2266 4969 2641 5016 continuatione
2668 4967 2806 5032 ΜχΕ
2824 4969 2964 5029 volqo
3177 4965 3239 5014 14
3276 4980 3549 5029 numquam
3581 4968 3623 5014 T
3836 4969 3898 5019 15
3935 4983 4026 5017 ex-

760 5055 1001 5116 quisitius
1041 5053 1180 5119 ΜχΕ
1213 5055 1353 5116 volyo
1568 5052 1627 5101 17
1667 5054 1898 5101 corelsrio
1937 5051 1995 5099 Μ
2203 5052 2266 5101 19
2302 5054 2571 5102 inchoatur
2614 5053 2668 5110 T,
2712 5054 2940 5102 incoatur
2979 5052 3036 5099 M
3239 5054 3369 5114 quod
3408 5055 3634 5115 spacium
3679 5055 3737 5114 Τ,
3777 5069 3874 5116 quo
3910 5068 4026 5115 sps·

761 5142 829 5189 tio
867 5140 937 5200 M,
979 5141 1110 5202 quod
1149 5141 1308 5202 spatio
1343 5144 1457 5202 cet„
1498 5141 1628 5201 quod
1664 5139 1761 5187 del.
1810 5140 2004 5186 Gronov
2091 5195 2097 5199 ,
2214 5139 2280 5189 20
2318 5120 2468 5189 giruni
2504 5122 2661 5197 {injus
2702 5139 2744 5185 Τ
2953 5140 3047 5202 hec
3088 5139 3178 5186 TE
3247 5196 3251 5199 ‚
3972 5186 3983 5199 ,

932 5221 993 5276 2·
1066 5226 1141 5273 Ad
1178 5228 1400 5274 iambum
1444 5227 1728 5287 (iambicum
1753 5226 1800 5286 v)
1845 5239 2042 5272 carmen
2080 5239 2228 5272 suum
2261 5226 2304 5271 T
2331 5229 2402 5286 (in
2425 5242 2525 5286 my.
2555 5228 2729 5284 minio)
2757 5226 2940 5285 mqu,
2970 5240 3064 5273 οπι.
3097 5225 3154 5272 Μ
3366 5225 3385 5274 1
3429 5227 3586 5287 partis
3632 5227 3675 5272 T
3878 5242 4030 5287 syno-

760 5312 878 5358 dum
906 5311 973 5372 lv,
1016 5312 1245 5359 sinodum
1279 5317 1390 5372 cet„
1433 5312 1680 5371 cydonum
1713 5308 1857 5360 Vens
2066 5310 2096 5358 2
2134 5313 2305 5373 pinnis
2335 5312 2448 5374 ME,
2492 5315 2675 5374 pennis
2711 5318 2799 5360 cet.
3014 5311 3046 5359 4
3085 5316 3269 5371 magnu
3299 5311 3418 5374 TM,
3458 5326 3639 5372 magna
3674 5319 3764 5361 cet.
3978 5315 4028 5361 vi

758 5392 982 5462 densior]
1017 5397 1274 5446 indensior
1314 5398 1355 5444 Τ
1564 5398 1594 5446 5
1631 5399 1839 5457 fulgoris
1877 5396 1945 5457 M,
1989 5397 2218 5446 fulminis
2255 5403 2380 5460 σοις
2419 5399 2490 5457 cf.
2534 5399 2753 5445 XXIIII
2788 5401 2836 5457 2,
2886 5401 2946 5446 18
3157 5398 3184 5445 7
3223 5398 3428 5445 archado
3469 5398 3518 5459 (h
3559 5398 3682 5459 del.)
3724 5401 3924 5447 uectius
3968 5399 4022 5460 T,

757 5482 993 5530 archados
1018 5487 1171 5530 uetus
1199 5483 1266 5542 M,
1297 5483 1493 5531 arcados
1519 5489 1697 5531 uectus
1723 5489 1811 5533 cet.
2027 5480 2057 5530 8
2095 5484 2403 5545 hyppocrine
2432 5484 2488 5531 M
2689 5484 2870 5544 peduis
2897 5483 2955 5529 M
3164 5482 3225 5532 12
3262 5483 3445 5545 hicque
3475 5483 3533 5546 Τ,
3574 5484 3659 5533 hic
3684 5484 3758 5544 M,
3797 5484 3879 5532 hic
3902 5485 4029 5546 quid

757 5573 871 5630 cet,
923 5569 1004 5616 hic
1040 5568 1272 5629 quodque
1311 5569 1370 5630 E,
1425 5570 1540 5617 ilico
1581 5569 1720 5631 Pan,
1775 5570 1981 5630 illicque
2020 5568 2155 5619 Soal.
2195 5571 2362 5633 volyo,
2402 5571 2569 5630 iisque
2606 5570 2785 5617 Hartel
3067 5569 3129 5618 15
3167 5569 3319 5617 hebro
3356 5559 3476 5631 ma}
3509 5569 3565 5630 Τ,
3608 5569 3759 5619 hebro
3794 5584 4029 5631 megnum

759 5654 826 5718 Μ,
869 5656 1226 5704 hebromanum
1262 5660 1374 5715 cet„
1417 5655 1784 5715 Hebromagum
1825 5654 1958 5702 θοαὶ.
2000 5655 2143 5714 volyo
2229 5651 2234 5656 “
2373 5655 2435 5704 18
2475 5657 2614 5704 salue
2650 5658 2873 5704 renisum
2919 5656 2959 5701 Τ
3167 5654 3226 5703 21
3268 5656 3552 5715 chymeram
3598 5656 3640 5702 T
3846 5655 3910 5704 22
3948 5661 4027 5704 to-

759 5746 842 5790 tus
879 5758 943 5803 ω,
967 5729 1130 5790 ⁵tutus
1169 5741 1213 5787 E
1419 5741 1485 5789 23
1523 5746 1574 5788 te
1610 5741 1803 5802 addldi,
1845 5747 1896 5788 et
1932 5740 2049 5789 add.
2095 5741 2157 5803 Ε,
2195 5755 2290 5801 Qm.
2337 5757 2378 5789 ω
2590 5742 2785 5792 saluere
2824 5757 2883 5800 ω,
2927 5755 3074 5794 avere
3122 5738 3267 5791 Ven.3
3300 5743 3445 5802 volyo
