<?xml version="1.0" encoding="UTF-8"?>
<!DOCTYPE html PUBLIC "-//W3C//DTD XHTML 1.0 Transitional//EN"
    "http://www.w3.org/TR/xhtml1/DTD/xhtml1-transitional.dtd">
<html xmlns="http://www.w3.org/1999/xhtml" xml:lang="en" lang="en">
 <head>
  <title>
</title>
<meta http-equiv="Content-Type" content="text/html;charset=utf-8" />
  <meta name='ocr-system' content='tesseract 3.04.00' />
  <meta name='ocr-capabilities' content='ocr_page ocr_carea ocr_par ocr_line ocrx_word'/>
</head>
<body>
  <div class='ocr_page' id='page_1' title='image "./dmagniavsoniiop02ausogoog_0149.png"; bbox 0 0 4630 6435; ppageno 0'>
   <div class='ocr_carea' id='block_1_1' title="bbox 1912 446 3877 516">
    <p class='ocr_par' dir='ltr' id='par_1_1' title="bbox 1912 446 3877 516">
     <span class='ocr_line' id='line_1_1' title="bbox 1912 446 3877 516; baseline 0.002 -17"><span class='ocrx_word' id='word_1_1' title='bbox 1912 446 2323 500; x_wconf 80' lang='lat' dir='ltr'>EPl&#39;l&#39;APHIA</span> <span class='ocrx_word' id='word_1_2' title='bbox 2365 449 2593 511; x_wconf 7' lang='lat' dir='ltr'>svau).</span> <span class='ocrx_word' id='word_1_3' title='bbox 3801 456 3877 516; x_wconf 87' lang='lat'>77</span> 
     </span>
    </p>
   </div>
   <div class='ocr_carea' id='block_1_2' title="bbox 1687 773 2821 842">
    <p class='ocr_par' dir='ltr' id='par_1_2' title="bbox 1687 773 2821 842">
     <span class='ocr_line' id='line_1_2' title="bbox 1687 773 2821 842; baseline 0.001 -4"><span class='ocrx_word' id='word_1_4' title='bbox 1687 773 1795 841; x_wconf 81' lang='grc'><strong>23.</strong></span> <span class='ocrx_word' id='word_1_5' title='bbox 1846 774 2205 840; x_wconf 84' lang='lat' dir='ltr'>ENNOMO</span> <span class='ocrx_word' id='word_1_6' title='bbox 2254 777 2368 840; x_wconf 86' lang='lat' dir='ltr'>ET</span> <span class='ocrx_word' id='word_1_7' title='bbox 2415 775 2821 842; x_wconf 86' lang='lat' dir='ltr'>CHROMIO.</span> 
     </span>
    </p>
   </div>
   <div class='ocr_carea' id='block_1_3' title="bbox 1294 928 3877 1326">
    <p class='ocr_par' dir='ltr' id='par_1_3' title="bbox 1295 928 3877 1117">
     <span class='ocr_line' id='line_1_3' title="bbox 1295 928 3877 1017; baseline 0.005 -26"><span class='ocrx_word' id='word_1_8' title='bbox 1295 928 1619 993; x_wconf 85' lang='lat' dir='ltr'>Ennomus</span> <span class='ocrx_word' id='word_1_9' title='bbox 1667 929 1769 993; x_wconf 90' lang='lat' dir='ltr'>hic</span> <span class='ocrx_word' id='word_1_10' title='bbox 1814 928 2272 1013; x_wconf 78' lang='lat' dir='ltr'>Chromiusque</span> <span class='ocrx_word' id='word_1_11' title='bbox 2314 930 2559 1013; x_wconf 88' lang='lat' dir='ltr'>iacent,</span> <span class='ocrx_word' id='word_1_12' title='bbox 2611 931 2757 1014; x_wconf 90' lang='lat' dir='ltr'>quis</span> <span class='ocrx_word' id='word_1_13' title='bbox 2805 932 3015 1015; x_wconf 83' lang='lat' dir='ltr'>Mysia</span> <span class='ocrx_word' id='word_1_14' title='bbox 3058 954 3352 1017; x_wconf 86' lang='lat' dir='ltr'>regnum,</span> <span class='ocrx_word' id='word_1_15' title='bbox 3546 953 3644 1001; x_wconf 79' lang='lat'>239</span> <span class='ocrx_word' id='word_1_16' title='bbox 3689 956 3877 1014; x_wconf 72' lang='lat' dir='ltr'>(xxm</span> 
     </span>
     <span class='ocr_line' id='line_1_4' title="bbox 1465 1032 2956 1117; baseline 0.003 -21"><span class='ocrx_word' id='word_1_17' title='bbox 1465 1032 1609 1115; x_wconf 90' lang='lat' dir='ltr'>quis</span> <span class='ocrx_word' id='word_1_18' title='bbox 1653 1040 1835 1116; x_wconf 87' lang='lat' dir='ltr'>pater</span> <span class='ocrx_word' id='word_1_19' title='bbox 1878 1033 2184 1098; x_wconf 79' lang='lat' dir='ltr'><strong>Alcinous</strong></span> <span class='ocrx_word' id='word_1_20' title='bbox 2232 1034 2657 1117; x_wconf 80' lang='lat' dir='ltr'>Oceanusque</span> <span class='ocrx_word' id='word_1_21' title='bbox 2703 1043 2956 1101; x_wconf 78' lang='lat' dir='ltr'>atavae.</span> 
     </span>
    </p>

    <p class='ocr_par' dir='ltr' id='par_1_4' title="bbox 1294 1135 2944 1326">
     <span class='ocr_line' id='line_1_5' title="bbox 1294 1135 2933 1220; baseline 0.002 -21"><span class='ocrx_word' id='word_1_22' title='bbox 1294 1135 1599 1200; x_wconf 79' lang='lat' dir='ltr'><strong>nobilitas</strong></span> <span class='ocrx_word' id='word_1_23' title='bbox 1643 1136 1801 1218; x_wconf 93' lang='lat' dir='ltr'>quid</span> <span class='ocrx_word' id='word_1_24' title='bbox 1847 1142 2027 1202; x_wconf 83' lang='lat' dir='ltr'>tanta</span> <span class='ocrx_word' id='word_1_25' title='bbox 2069 1137 2291 1203; x_wconf 76' lang='lat' dir='ltr'>iuvat?</span> <span class='ocrx_word' id='word_1_26' title='bbox 2339 1158 2464 1220; x_wconf 89' lang='lat' dir='ltr'>quo</span> <span class='ocrx_word' id='word_1_27' title='bbox 2510 1139 2746 1204; x_wconf 91' lang='lat' dir='ltr'>clarius</span> <span class='ocrx_word' id='word_1_28' title='bbox 2789 1140 2933 1205; x_wconf 93' lang='lat' dir='ltr'>istis</span> 
     </span>
     <span class='ocr_line' id='line_1_6' title="bbox 1468 1239 2944 1326; baseline 0.003 -23"><span class='ocrx_word' id='word_1_29' title='bbox 1468 1245 1567 1303; x_wconf 91' lang='lat' dir='ltr'>est</span> <span class='ocrx_word' id='word_1_30' title='bbox 1610 1258 1848 1321; x_wconf 86' lang='lat' dir='ltr'>genus,</span> <span class='ocrx_word' id='word_1_31' title='bbox 1900 1239 2021 1304; x_wconf 89' lang='lat' dir='ltr'>hoc</span> <span class='ocrx_word' id='word_1_32' title='bbox 2065 1241 2287 1305; x_wconf 89' lang='lat' dir='ltr'>mortis</span> <span class='ocrx_word' id='word_1_33' title='bbox 2334 1241 2623 1307; x_wconf 90' lang='lat' dir='ltr'>condicio</span> <span class='ocrx_word' id='word_1_34' title='bbox 2669 1243 2944 1326; x_wconf 86' lang='lat' dir='ltr'>gravior.</span> 
     </span>
    </p>
   </div>
   <div class='ocr_carea' id='block_1_4' title="bbox 1998 1461 2511 1529">
    <p class='ocr_par' dir='ltr' id='par_1_5' title="bbox 1998 1461 2511 1529">
     <span class='ocr_line' id='line_1_7' title="bbox 1998 1461 2511 1529; baseline 0.004 -2"><span class='ocrx_word' id='word_1_35' title='bbox 1998 1461 2109 1527; x_wconf 79' lang='lat'>24.</span> <span class='ocrx_word' id='word_1_36' title='bbox 2162 1464 2511 1529; x_wconf 85' lang='lat' dir='ltr'>PRIAMO.</span> 
     </span>
    </p>
   </div>
   <div class='ocr_carea' id='block_1_5' title="bbox 1161 1616 3875 2218">
    <p class='ocr_par' dir='ltr' id='par_1_6' title="bbox 1161 1616 3875 2218">
     <span class='ocr_line' id='line_1_8' title="bbox 1292 1616 3875 1705; baseline 0.003 -25"><span class='ocrx_word' id='word_1_37' title='bbox 1292 1617 1414 1681; x_wconf 87' lang='lat' dir='ltr'>Hic</span> <span class='ocrx_word' id='word_1_38' title='bbox 1460 1616 1694 1680; x_wconf 87' lang='lat' dir='ltr'><strong>Priami</strong></span> <span class='ocrx_word' id='word_1_39' title='bbox 1739 1637 1864 1682; x_wconf 94' lang='lat' dir='ltr'>non</span> <span class='ocrx_word' id='word_1_40' title='bbox 1911 1624 2009 1682; x_wconf 87' lang='lat' dir='ltr'>est</span> <span class='ocrx_word' id='word_1_41' title='bbox 2052 1618 2336 1683; x_wconf 86' lang='lat' dir='ltr'>tumulus</span> <span class='ocrx_word' id='word_1_42' title='bbox 2382 1638 2501 1683; x_wconf 86' lang='lat' dir='ltr'>nec</span> <span class='ocrx_word' id='word_1_43' title='bbox 2549 1620 2786 1685; x_wconf 82' lang='lat' dir='ltr'>condor</span> <span class='ocrx_word' id='word_1_44' title='bbox 2829 1621 2895 1685; x_wconf 89' lang='lat' dir='ltr'>in</span> <span class='ocrx_word' id='word_1_45' title='bbox 2941 1621 3067 1685; x_wconf 87' lang='lat' dir='ltr'>ista</span> <span class='ocrx_word' id='word_1_46' title='bbox 3521 1645 3620 1693; x_wconf 73' lang='lat'>240</span> <span class='ocrx_word' id='word_1_47' title='bbox 3661 1646 3875 1705; x_wconf 78' lang='lat' dir='ltr'>(xxm)</span> 
     </span>
     <span class='ocr_line' id='line_1_9' title="bbox 1468 1720 2834 1805; baseline 0.001 -20"><span class='ocrx_word' id='word_1_48' title='bbox 1468 1720 1657 1785; x_wconf 91' lang='lat' dir='ltr'>sede:</span> <span class='ocrx_word' id='word_1_49' title='bbox 1713 1728 1909 1805; x_wconf 90' lang='lat' dir='ltr'>caput</span> <span class='ocrx_word' id='word_1_50' title='bbox 1955 1721 2163 1786; x_wconf 88' lang='lat' dir='ltr'>Danai</span> <span class='ocrx_word' id='word_1_51' title='bbox 2211 1721 2554 1805; x_wconf 87' lang='lat' dir='ltr'>deripuere</span> <span class='ocrx_word' id='word_1_52' title='bbox 2601 1744 2834 1789; x_wconf 89' lang='lat' dir='ltr'>meum.</span> 
     </span>
     <span class='ocr_line' id='line_1_10' title="bbox 1294 1824 3197 1910; baseline 0.003 -22"><span class='ocrx_word' id='word_1_53' title='bbox 1294 1829 1397 1889; x_wconf 89' lang='lat' dir='ltr'>ast</span> <span class='ocrx_word' id='word_1_54' title='bbox 1440 1843 1563 1906; x_wconf 86' lang='lat' dir='ltr'>ego</span> <span class='ocrx_word' id='word_1_55' title='bbox 1608 1844 1750 1889; x_wconf 89' lang='lat' dir='ltr'>cum</span> <span class='ocrx_word' id='word_1_56' title='bbox 1797 1824 2080 1888; x_wconf 85' lang='lat' dir='ltr'>lacerum</span> <span class='ocrx_word' id='word_1_57' title='bbox 2126 1825 2265 1889; x_wconf 92' lang='lat' dir='ltr'>sine</span> <span class='ocrx_word' id='word_1_58' title='bbox 2311 1826 2567 1891; x_wconf 91' lang='lat' dir='ltr'>nomine</span> <span class='ocrx_word' id='word_1_59' title='bbox 2615 1826 2809 1892; x_wconf 89' lang='lat' dir='ltr'>funus</span> <span class='ocrx_word' id='word_1_60' title='bbox 2858 1828 3197 1910; x_wconf 89' lang='lat' dir='ltr'>haberem,</span> 
     </span>
     <span class='ocr_line' id='line_1_11' title="bbox 1467 1926 2865 2012; baseline 0.001 -21"><span class='ocrx_word' id='word_1_61' title='bbox 1467 1926 1726 2010; x_wconf 76' lang='lat' dir='ltr'>confugi</span> <span class='ocrx_word' id='word_1_62' title='bbox 1772 1926 1857 1991; x_wconf 88' lang='lat' dir='ltr'>ad</span> <span class='ocrx_word' id='word_1_63' title='bbox 1903 1927 2150 1992; x_wconf 87' lang='lat' dir='ltr'>cineres</span> <span class='ocrx_word' id='word_1_64' title='bbox 2196 1929 2546 1994; x_wconf 86' lang='lat' dir='ltr'>Hectoreos</span> <span class='ocrx_word' id='word_1_65' title='bbox 2592 1930 2865 2012; x_wconf 88' lang='lat' dir='ltr'>genitor.</span> 
     </span>
     <span class='ocr_line' id='line_1_12' title="bbox 1161 2029 2966 2117; baseline 0.005 -28"><span class='ocrx_word' id='word_1_66' title='bbox 1161 2052 1186 2089; x_wconf 76' lang='lat'><strong>5</strong></span> <span class='ocrx_word' id='word_1_67' title='bbox 1294 2030 1428 2094; x_wconf 90' lang='lat' dir='ltr'>illic</span> <span class='ocrx_word' id='word_1_68' title='bbox 1475 2038 1538 2095; x_wconf 89' lang='lat' dir='ltr'>et</span> <span class='ocrx_word' id='word_1_69' title='bbox 1583 2036 1769 2094; x_wconf 89' lang='lat' dir='ltr'>natos</span> <span class='ocrx_word' id='word_1_70' title='bbox 1815 2029 2199 2113; x_wconf 83' lang='lat' dir='ltr'>Troiamque</span> <span class='ocrx_word' id='word_1_71' title='bbox 2247 2032 2597 2116; x_wconf 84' lang='lat' dir='ltr'>Asiamque</span> <span class='ocrx_word' id='word_1_72' title='bbox 2647 2034 2966 2117; x_wconf 82' lang='lat' dir='ltr'>sepultam</span> 
     </span>
     <span class='ocr_line' id='line_1_13' title="bbox 1465 2132 2988 2218; baseline 0.002 -20"><span class='ocrx_word' id='word_1_73' title='bbox 1465 2132 1679 2199; x_wconf 85' lang='lat' dir='ltr'>inveni</span> <span class='ocrx_word' id='word_1_74' title='bbox 1726 2141 1790 2199; x_wconf 87' lang='lat' dir='ltr'>et</span> <span class='ocrx_word' id='word_1_75' title='bbox 1832 2139 2118 2198; x_wconf 90' lang='lat' dir='ltr'>nostrum</span> <span class='ocrx_word' id='word_1_76' title='bbox 2164 2133 2476 2217; x_wconf 87' lang='lat' dir='ltr'>quidquid</span> <span class='ocrx_word' id='word_1_77' title='bbox 2526 2136 2758 2218; x_wconf 90' lang='lat' dir='ltr'>ubique</span> <span class='ocrx_word' id='word_1_78' title='bbox 2803 2136 2988 2201; x_wconf 88' lang='lat' dir='ltr'>iacet.</span> 
     </span>
    </p>
   </div>
   <div class='ocr_carea' id='block_1_6' title="bbox 1864 2357 2635 2425">
    <p class='ocr_par' dir='ltr' id='par_1_7' title="bbox 1864 2357 2635 2425">
     <span class='ocr_line' id='line_1_14' title="bbox 1864 2357 2635 2425; baseline 0.004 -3"><span class='ocrx_word' id='word_1_79' title='bbox 1864 2357 1976 2423; x_wconf 88' lang='grc'><strong>25.</strong></span> <span class='ocrx_word' id='word_1_80' title='bbox 2033 2358 2243 2422; x_wconf 89' lang='grc' dir='ltr'>ΙΤΕΜ</span> <span class='ocrx_word' id='word_1_81' title='bbox 2291 2359 2635 2425; x_wconf 87' lang='lat' dir='ltr'>PRIAMO.</span> 
     </span>
    </p>
   </div>
   <div class='ocr_carea' id='block_1_7' title="bbox 1293 2511 3877 2905">
    <p class='ocr_par' dir='ltr' id='par_1_8' title="bbox 1295 2511 3877 2702">
     <span class='ocr_line' id='line_1_15' title="bbox 1295 2511 3877 2599; baseline 0.004 -23"><span class='ocrx_word' id='word_1_82' title='bbox 1295 2511 1418 2589; x_wconf 85' lang='lat' dir='ltr'>Qui</span> <span class='ocrx_word' id='word_1_83' title='bbox 1467 2513 1779 2577; x_wconf 89' lang='lat' dir='ltr'>tumulum</span> <span class='ocrx_word' id='word_1_84' title='bbox 1827 2512 2066 2577; x_wconf 88' lang='lat' dir='ltr'>Priami</span> <span class='ocrx_word' id='word_1_85' title='bbox 2114 2512 2398 2595; x_wconf 84' lang='lat' dir='ltr'>quaerit,</span> <span class='ocrx_word' id='word_1_86' title='bbox 2458 2513 2633 2598; x_wconf 88' lang='lat' dir='ltr'>legat</span> <span class='ocrx_word' id='word_1_87' title='bbox 2676 2515 2969 2580; x_wconf 84' lang='lat' dir='ltr'>Hectoris</span> <span class='ocrx_word' id='word_1_88' title='bbox 3013 2523 3185 2582; x_wconf 88' lang='lat' dir='ltr'>ante.</span> <span class='ocrx_word' id='word_1_89' title='bbox 3496 2537 3590 2586; x_wconf 76' lang='lat'>241</span> <span class='ocrx_word' id='word_1_90' title='bbox 3642 2539 3877 2599; x_wconf 71' lang='lat' dir='ltr'>(xxun)</span> 
     </span>
     <span class='ocr_line' id='line_1_16' title="bbox 1464 2615 2917 2702; baseline 0.002 -22"><span class='ocrx_word' id='word_1_91' title='bbox 1464 2615 1579 2680; x_wconf 92' lang='lat' dir='ltr'>ille</span> <span class='ocrx_word' id='word_1_92' title='bbox 1625 2635 1842 2695; x_wconf 90' lang='lat' dir='ltr'>meus,</span> <span class='ocrx_word' id='word_1_93' title='bbox 1896 2624 2045 2681; x_wconf 86' lang='lat' dir='ltr'>nato</span> <span class='ocrx_word' id='word_1_94' title='bbox 2092 2637 2282 2698; x_wconf 92' lang='lat' dir='ltr'>quem</span> <span class='ocrx_word' id='word_1_95' title='bbox 2330 2617 2511 2701; x_wconf 89' lang='lat' dir='ltr'>prius</span> <span class='ocrx_word' id='word_1_96' title='bbox 2556 2618 2696 2702; x_wconf 88' lang='lat' dir='ltr'>ipse</span> <span class='ocrx_word' id='word_1_97' title='bbox 2742 2617 2917 2683; x_wconf 91' lang='lat' dir='ltr'>dedi.</span> 
     </span>
    </p>

    <p class='ocr_par' dir='ltr' id='par_1_9' title="bbox 1293 2719 3154 2905">
     <span class='ocr_line' id='line_1_17' title="bbox 1293 2719 3154 2807; baseline 0.002 -23"><span class='ocrx_word' id='word_1_98' title='bbox 1293 2719 1585 2784; x_wconf 86' lang='lat' dir='ltr'>Hectoris</span> <span class='ocrx_word' id='word_1_99' title='bbox 1632 2727 1696 2785; x_wconf 88' lang='lat' dir='ltr'>et</span> <span class='ocrx_word' id='word_1_100' title='bbox 1741 2719 1943 2804; x_wconf 88' lang='lat' dir='ltr'>patris</span> <span class='ocrx_word' id='word_1_101' title='bbox 1991 2720 2181 2785; x_wconf 89' lang='lat' dir='ltr'>simul</span> <span class='ocrx_word' id='word_1_102' title='bbox 2227 2727 2330 2785; x_wconf 89' lang='lat' dir='ltr'>est</span> <span class='ocrx_word' id='word_1_103' title='bbox 2373 2740 2705 2787; x_wconf 89' lang='lat' dir='ltr'>commune</span> <span class='ocrx_word' id='word_1_104' title='bbox 2752 2724 3154 2807; x_wconf 89' lang='lat' dir='ltr'>sepulcrum,</span> 
     </span>
     <span class='ocr_line' id='line_1_18' title="bbox 1466 2823 2821 2905; baseline 0.002 -20"><span class='ocrx_word' id='word_1_105' title='bbox 1466 2823 1794 2888; x_wconf 87' lang='lat' dir='ltr'>amborum</span> <span class='ocrx_word' id='word_1_106' title='bbox 1841 2823 2141 2905; x_wconf 90' lang='lat' dir='ltr'>quoniam</span> <span class='ocrx_word' id='word_1_107' title='bbox 2186 2824 2404 2889; x_wconf 83' lang='lat' dir='ltr'>iuncta</span> <span class='ocrx_word' id='word_1_108' title='bbox 2449 2824 2636 2889; x_wconf 90' lang='lat' dir='ltr'>ruina</span> <span class='ocrx_word' id='word_1_109' title='bbox 2679 2825 2821 2890; x_wconf 86' lang='lat' dir='ltr'>fuit.</span> 
     </span>
    </p>
   </div>
   <div class='ocr_carea' id='block_1_8' title="bbox 1955 3056 2555 3122">
    <p class='ocr_par' dir='ltr' id='par_1_10' title="bbox 1955 3056 2555 3122">
     <span class='ocr_line' id='line_1_19' title="bbox 1955 3056 2555 3122; baseline -0.002 -1"><span class='ocrx_word' id='word_1_110' title='bbox 1955 3056 2069 3122; x_wconf 86' lang='grc'>26.</span> <span class='ocrx_word' id='word_1_111' title='bbox 2133 3056 2555 3121; x_wconf 86' lang='lat' dir='ltr'>HECVBAE.</span> 
     </span>
    </p>
   </div>
   <div class='ocr_carea' id='block_1_9' title="bbox 1166 3210 3881 3814">
    <p class='ocr_par' dir='ltr' id='par_1_11' title="bbox 1166 3210 3881 3814">
     <span class='ocr_line' id='line_1_20' title="bbox 1300 3210 3881 3296; baseline 0.002 -20"><span class='ocrx_word' id='word_1_112' title='bbox 1300 3210 1479 3289; x_wconf 85' lang='lat' dir='ltr'>Quae</span> <span class='ocrx_word' id='word_1_113' title='bbox 1527 3210 1752 3295; x_wconf 82' lang='lat' dir='ltr'>reg-ina</span> <span class='ocrx_word' id='word_1_114' title='bbox 1797 3211 1923 3288; x_wconf 92' lang='lat' dir='ltr'>fui,</span> <span class='ocrx_word' id='word_1_115' title='bbox 1980 3231 2145 3294; x_wconf 89' lang='lat' dir='ltr'>quae</span> <span class='ocrx_word' id='word_1_116' title='bbox 2193 3211 2367 3277; x_wconf 90' lang='lat' dir='ltr'>claro</span> <span class='ocrx_word' id='word_1_117' title='bbox 2412 3217 2568 3276; x_wconf 87' lang='lat' dir='ltr'>nata</span> <span class='ocrx_word' id='word_1_118' title='bbox 2612 3212 2967 3296; x_wconf 79' lang='lat' dir='ltr'>Dymante,</span> <span class='ocrx_word' id='word_1_119' title='bbox 3562 3235 3660 3285; x_wconf 70' lang='lat'>242</span> <span class='ocrx_word' id='word_1_120' title='bbox 3702 3237 3881 3296; x_wconf 76' lang='lat' dir='ltr'>(xxv)</span> 
     </span>
     <span class='ocr_line' id='line_1_21' title="bbox 1471 3315 3100 3400; baseline 0.002 -20"><span class='ocrx_word' id='word_1_121' title='bbox 1471 3335 1635 3398; x_wconf 90' lang='lat' dir='ltr'>quae</span> <span class='ocrx_word' id='word_1_122' title='bbox 1683 3315 1919 3380; x_wconf 85' lang='lat' dir='ltr'>Priami</span> <span class='ocrx_word' id='word_1_123' title='bbox 1966 3316 2276 3398; x_wconf 68' lang='lat' dir='ltr'>conium,</span> <span class='ocrx_word' id='word_1_124' title='bbox 2331 3316 2608 3381; x_wconf 88' lang='lat' dir='ltr'>Hectora</span> <span class='ocrx_word' id='word_1_125' title='bbox 2652 3337 2822 3398; x_wconf 91' lang='lat' dir='ltr'>quae</span> <span class='ocrx_word' id='word_1_126' title='bbox 2866 3319 3100 3400; x_wconf 74' lang='lat' dir='ltr'>genui,</span> 
     </span>
     <span class='ocr_line' id='line_1_22' title="bbox 1302 3417 2949 3504; baseline 0.003 -24"><span class='ocrx_word' id='word_1_127' title='bbox 1302 3417 1402 3481; x_wconf 86' lang='lat' dir='ltr'>hic</span> <span class='ocrx_word' id='word_1_128' title='bbox 1447 3419 1712 3483; x_wconf 89' lang='lat' dir='ltr'>Hecuba</span> <span class='ocrx_word' id='word_1_129' title='bbox 1756 3418 2008 3484; x_wconf 88' lang='lat' dir='ltr'>iniectis</span> <span class='ocrx_word' id='word_1_130' title='bbox 2053 3419 2214 3504; x_wconf 88' lang='lat' dir='ltr'>perii</span> <span class='ocrx_word' id='word_1_131' title='bbox 2261 3419 2683 3503; x_wconf 85' lang='lat' dir='ltr'>superobruta</span> <span class='ocrx_word' id='word_1_132' title='bbox 2737 3420 2949 3503; x_wconf 80' lang='lat' dir='ltr'>saxis,</span> 
     </span>
     <span class='ocr_line' id='line_1_23' title="bbox 1471 3522 2934 3606; baseline 0 -20"><span class='ocrx_word' id='word_1_133' title='bbox 1471 3529 1569 3587; x_wconf 88' lang='lat' dir='ltr'>set</span> <span class='ocrx_word' id='word_1_134' title='bbox 1611 3523 1790 3588; x_wconf 88' lang='lat' dir='ltr'>rabie</span> <span class='ocrx_word' id='word_1_135' title='bbox 1836 3522 2095 3605; x_wconf 87' lang='lat' dir='ltr'>linguae</span> <span class='ocrx_word' id='word_1_136' title='bbox 2141 3542 2242 3587; x_wconf 91' lang='lat' dir='ltr'>me</span> <span class='ocrx_word' id='word_1_137' title='bbox 2291 3529 2505 3587; x_wconf 89' lang='lat' dir='ltr'>tamen</span> <span class='ocrx_word' id='word_1_138' title='bbox 2554 3522 2689 3587; x_wconf 86' lang='lat' dir='ltr'>ulta</span> <span class='ocrx_word' id='word_1_139' title='bbox 2734 3523 2934 3606; x_wconf 89' lang='lat' dir='ltr'>prius.</span> 
     </span>
     <span class='ocr_line' id='line_1_24' title="bbox 1166 3625 2969 3711; baseline 0.002 -25"><span class='ocrx_word' id='word_1_140' title='bbox 1166 3647 1191 3686; x_wconf 77' lang='lat'><strong>5</strong></span> <span class='ocrx_word' id='word_1_141' title='bbox 1296 3625 1472 3690; x_wconf 88' lang='lat' dir='ltr'>fidite</span> <span class='ocrx_word' id='word_1_142' title='bbox 1519 3647 1600 3691; x_wconf 92' lang='lat' dir='ltr'>ne</span> <span class='ocrx_word' id='word_1_143' title='bbox 1645 3626 1864 3709; x_wconf 85' lang='lat' dir='ltr'>regnis</span> <span class='ocrx_word' id='word_1_144' title='bbox 1910 3633 1974 3691; x_wconf 92' lang='lat' dir='ltr'>et</span> <span class='ocrx_word' id='word_1_145' title='bbox 2017 3626 2198 3711; x_wconf 86' lang='lat' dir='ltr'>prole</span> <span class='ocrx_word' id='word_1_146' title='bbox 2243 3632 2307 3690; x_wconf 90' lang='lat' dir='ltr'>et</span> <span class='ocrx_word' id='word_1_147' title='bbox 2353 3626 2549 3709; x_wconf 87' lang='lat' dir='ltr'>stirpe</span> <span class='ocrx_word' id='word_1_148' title='bbox 2596 3632 2969 3709; x_wconf 88' lang='lat' dir='ltr'>parentum,</span> 
     </span>
     <span class='ocr_line' id='line_1_25' title="bbox 1469 3728 3335 3814; baseline 0.001 -21"><span class='ocrx_word' id='word_1_149' title='bbox 1469 3729 1853 3813; x_wconf 87' lang='lat' dir='ltr'>quicumque</span> <span class='ocrx_word' id='word_1_150' title='bbox 1898 3730 2019 3794; x_wconf 90' lang='lat' dir='ltr'>hoc</span> <span class='ocrx_word' id='word_1_151' title='bbox 2062 3736 2346 3794; x_wconf 87' lang='lat' dir='ltr'>nostrum</span> <span class='ocrx_word' id='word_1_152' title='bbox 2394 3728 2673 3792; x_wconf 74' lang='grc' dir='ltr'>ΟΗΜΑ</span> <span class='ocrx_word' id='word_1_153' title='bbox 2729 3729 3044 3795; x_wconf 74' lang='grc' dir='ltr'>ΚΤΝΟΟ</span> <span class='ocrx_word' id='word_1_154' title='bbox 3096 3731 3335 3814; x_wconf 84' lang='lat' dir='ltr'>legitis.</span> 
     </span>
    </p>
   </div>
   <div class='ocr_carea' id='block_1_10' title="bbox 1895 3959 2609 4025">
    <p class='ocr_par' dir='ltr' id='par_1_12' title="bbox 1895 3959 2609 4025">
     <span class='ocr_line' id='line_1_26' title="bbox 1895 3959 2609 4025; baseline -0.001 -1"><span class='ocrx_word' id='word_1_155' title='bbox 1895 3959 2007 4025; x_wconf 80' lang='grc'>27.</span> <span class='ocrx_word' id='word_1_156' title='bbox 2063 3959 2609 4025; x_wconf 87' lang='lat' dir='ltr'>POLYXENAE.</span> 
     </span>
    </p>
   </div>
   <div class='ocr_carea' id='block_1_11' title="bbox 1298 4113 3883 4509">
    <p class='ocr_par' dir='ltr' id='par_1_13' title="bbox 1298 4113 3883 4303">
     <span class='ocr_line' id='line_1_27' title="bbox 1298 4113 3883 4198; baseline 0.002 -19"><span class='ocrx_word' id='word_1_157' title='bbox 1298 4116 1501 4180; x_wconf 86' lang='lat' dir='ltr'>Troas</span> <span class='ocrx_word' id='word_1_158' title='bbox 1547 4115 1843 4180; x_wconf 87' lang='lat' dir='ltr'>Achilleo</span> <span class='ocrx_word' id='word_1_159' title='bbox 1888 4113 2227 4179; x_wconf 90' lang='lat' dir='ltr'>coniuncta</span> <span class='ocrx_word' id='word_1_160' title='bbox 2271 4115 2603 4198; x_wconf 82' lang='lat' dir='ltr'>Polyxena</span> <span class='ocrx_word' id='word_1_161' title='bbox 2647 4115 2832 4181; x_wconf 91' lang='lat' dir='ltr'>busto</span> <span class='ocrx_word' id='word_1_162' title='bbox 3532 4136 3629 4185; x_wconf 78' lang='lat'>243</span> <span class='ocrx_word' id='word_1_163' title='bbox 3671 4137 3883 4198; x_wconf 70' lang='lat' dir='ltr'>(xxvi)</span> 
     </span>
     <span class='ocr_line' id='line_1_28' title="bbox 1473 4217 2846 4303; baseline 0.001 -22"><span class='ocrx_word' id='word_1_164' title='bbox 1473 4219 1826 4284; x_wconf 85' lang='lat' dir='ltr'>malueram</span> <span class='ocrx_word' id='word_1_165' title='bbox 1873 4217 2049 4282; x_wconf 91' lang='lat' dir='ltr'>nullo</span> <span class='ocrx_word' id='word_1_166' title='bbox 2096 4219 2380 4303; x_wconf 87' lang='lat' dir='ltr'>caespite</span> <span class='ocrx_word' id='word_1_167' title='bbox 2427 4218 2647 4284; x_wconf 89' lang='lat' dir='ltr'>functa</span> <span class='ocrx_word' id='word_1_168' title='bbox 2690 4220 2846 4302; x_wconf 85' lang='lat' dir='ltr'>tegi.</span> 
     </span>
    </p>

    <p class='ocr_par' dir='ltr' id='par_1_14' title="bbox 1299 4321 2966 4509">
     <span class='ocr_line' id='line_1_29' title="bbox 1299 4321 2966 4388; baseline 0 -2"><span class='ocrx_word' id='word_1_169' title='bbox 1299 4343 1426 4388; x_wconf 94' lang='lat' dir='ltr'>non</span> <span class='ocrx_word' id='word_1_170' title='bbox 1470 4323 1634 4387; x_wconf 90' lang='lat' dir='ltr'>bene</span> <span class='ocrx_word' id='word_1_171' title='bbox 1680 4321 2008 4387; x_wconf 89' lang='lat' dir='ltr'>discordes</span> <span class='ocrx_word' id='word_1_172' title='bbox 2054 4322 2332 4386; x_wconf 88' lang='lat' dir='ltr'>tumulos</span> <span class='ocrx_word' id='word_1_173' title='bbox 2379 4321 2662 4387; x_wconf 88' lang='lat' dir='ltr'>miscetis</span> <span class='ocrx_word' id='word_1_174' title='bbox 2706 4321 2966 4388; x_wconf 87' lang='lat' dir='ltr'>Achivi:</span> 
     </span>
     <span class='ocr_line' id='line_1_30' title="bbox 1472 4423 2884 4509; baseline 0.001 -20"><span class='ocrx_word' id='word_1_175' title='bbox 1472 4426 1592 4490; x_wconf 90' lang='lat' dir='ltr'>hoc</span> <span class='ocrx_word' id='word_1_176' title='bbox 1637 4424 1881 4489; x_wconf 87' lang='lat' dir='ltr'>violare</span> <span class='ocrx_word' id='word_1_177' title='bbox 1927 4423 2135 4507; x_wconf 82' lang='lat' dir='ltr'>magis</span> <span class='ocrx_word' id='word_1_178' title='bbox 2181 4444 2373 4507; x_wconf 89' lang='lat' dir='ltr'>quam</span> <span class='ocrx_word' id='word_1_179' title='bbox 2422 4424 2696 4509; x_wconf 84' lang='lat' dir='ltr'>sepelire</span> <span class='ocrx_word' id='word_1_180' title='bbox 2744 4425 2884 4490; x_wconf 87' lang='lat' dir='ltr'>fuit.</span> 
     </span>
    </p>
   </div>
   <div class='ocr_carea' id='block_1_12' title="bbox 733 4604 1026 4610">
    <p class='ocr_par' dir='ltr' id='par_1_15' title="bbox 733 4604 1026 4610">
     <span class='ocr_line' id='line_1_31' title="bbox 733 4604 1026 4610; baseline 0 0"><span class='ocrx_word' id='word_1_181' title='bbox 733 4604 1026 4610; x_wconf 95' lang='lat' dir='ltr'> </span> 
     </span>
    </p>
   </div>
   <div class='ocr_carea' id='block_1_13' title="bbox 1045 4602 1448 4609">
    <p class='ocr_par' dir='ltr' id='par_1_16' title="bbox 1045 4602 1448 4609">
     <span class='ocr_line' id='line_1_32' title="bbox 1045 4602 1448 4609; baseline 0 1826"><span class='ocrx_word' id='word_1_182' title='bbox 1045 4602 1448 4609; x_wconf 95' lang='lat' dir='ltr'> </span> 
     </span>
    </p>
   </div>
   <div class='ocr_carea' id='block_1_14' title="bbox 797 4699 3205 4764">
    <p class='ocr_par' dir='ltr' id='par_1_17' title="bbox 797 4699 3205 4764">
     <span class='ocr_line' id='line_1_33' title="bbox 797 4699 3205 4764; baseline -0.002 -10"><span class='ocrx_word' id='word_1_183' title='bbox 797 4699 896 4754; x_wconf 78' lang='grc'>24.</span> <span class='ocrx_word' id='word_1_184' title='bbox 968 4703 999 4751; x_wconf 90' lang='grc'><strong>2</strong></span> <span class='ocrx_word' id='word_1_185' title='bbox 1037 4717 1112 4764; x_wconf 77' lang='lat' dir='ltr'>sq.</span> <span class='ocrx_word' id='word_1_186' title='bbox 1168 4703 1316 4762; x_wconf 81' lang='lat' dir='ltr'>Verg.</span> <span class='ocrx_word' id='word_1_187' title='bbox 1361 4705 1490 4751; x_wconf 82' lang='lat' dir='ltr'>Aen.</span> <span class='ocrx_word' id='word_1_188' title='bbox 1535 4703 1580 4749; x_wconf 91' lang='lat'>11</span> <span class='ocrx_word' id='word_1_189' title='bbox 1621 4701 1719 4750; x_wconf 86' lang='grc'>558</span> <span class='ocrx_word' id='word_1_190' title='bbox 1759 4702 2084 4763; x_wconf 72' lang='lat' dir='ltr'>avolsumque</span> <span class='ocrx_word' id='word_1_191' title='bbox 2123 4704 2312 4750; x_wconf 85' lang='lat' dir='ltr'>umeris</span> <span class='ocrx_word' id='word_1_192' title='bbox 2352 4707 2504 4763; x_wconf 70' lang='lat' dir='ltr'>ceput</span> <span class='ocrx_word' id='word_1_193' title='bbox 2540 4710 2592 4750; x_wconf 83' lang='lat' dir='ltr'>ct</span> <span class='ocrx_word' id='word_1_194' title='bbox 2629 4703 2739 4749; x_wconf 87' lang='lat' dir='ltr'>sine</span> <span class='ocrx_word' id='word_1_195' title='bbox 2780 4703 2981 4751; x_wconf 85' lang='lat' dir='ltr'>nomine</span> <span class='ocrx_word' id='word_1_196' title='bbox 3019 4717 3205 4764; x_wconf 80' lang='lat' dir='ltr'>corpus</span> 
     </span>
    </p>
   </div>
   <div class='ocr_carea' id='block_1_15' title="bbox 626 4786 3885 5281">
    <p class='ocr_par' dir='ltr' id='par_1_18' title="bbox 801 4786 3326 4851">
     <span class='ocr_line' id='line_1_34' title="bbox 801 4786 3326 4851; baseline -0.002 -11"><span class='ocrx_word' id='word_1_197' title='bbox 801 4786 901 4842; x_wconf 83' lang='grc'>26.</span> <span class='ocrx_word' id='word_1_198' title='bbox 976 4790 1005 4837; x_wconf 90' lang='grc'>5</span> <span class='ocrx_word' id='word_1_199' title='bbox 1046 4790 1164 4838; x_wconf 91' lang='lat' dir='ltr'>Sen.</span> <span class='ocrx_word' id='word_1_200' title='bbox 1209 4790 1316 4839; x_wconf 86' lang='lat' dir='ltr'>Tro.</span> <span class='ocrx_word' id='word_1_201' title='bbox 1368 4788 1386 4837; x_wconf 91' lang='lat' dir='ltr'>l</span> <span class='ocrx_word' id='word_1_202' title='bbox 1431 4791 1738 4851; x_wconf 84' lang='lat' dir='ltr'>quicumque</span> <span class='ocrx_word' id='word_1_203' title='bbox 1777 4802 1927 4847; x_wconf 79' lang='lat' dir='ltr'>regno</span> <span class='ocrx_word' id='word_1_204' title='bbox 1966 4787 2076 4834; x_wconf 76' lang='lat' dir='ltr'>fidit</span> <span class='ocrx_word' id='word_1_205' title='bbox 2287 4791 2438 4846; x_wconf 82' lang='lat' dir='ltr'>verg.</span> <span class='ocrx_word' id='word_1_206' title='bbox 2483 4790 2611 4836; x_wconf 85' lang='lat' dir='ltr'>Aen.</span> <span class='ocrx_word' id='word_1_207' title='bbox 2655 4790 2725 4835; x_wconf 88' lang='lat'>111</span> <span class='ocrx_word' id='word_1_208' title='bbox 2765 4787 2830 4837; x_wconf 80' lang='lat'>94</span> <span class='ocrx_word' id='word_1_209' title='bbox 2869 4791 3022 4850; x_wconf 85' lang='lat' dir='ltr'>stirpe</span> <span class='ocrx_word' id='word_1_210' title='bbox 3062 4797 3326 4849; x_wconf 83' lang='lat' dir='ltr'>parentum</span> 
     </span>
    </p>

    <p class='ocr_par' dir='ltr' id='par_1_19' title="bbox 626 5038 3878 5205">
     <span class='ocr_line' id='line_1_35' title="bbox 799 5038 3878 5109; baseline -0.001 -10"><span class='ocrx_word' id='word_1_211' title='bbox 799 5043 899 5100; x_wconf 74' lang='lat'>28.</span> <span class='ocrx_word' id='word_1_212' title='bbox 973 5048 1220 5096; x_wconf 85' lang='lat' dir='ltr'>Cromioni</span> <span class='ocrx_word' id='word_1_213' title='bbox 1269 5048 1309 5093; x_wconf 92' lang='lat' dir='ltr'><strong><em>V</em></strong></span> <span class='ocrx_word' id='word_1_214' title='bbox 1535 5049 1550 5096; x_wconf 88' lang='lat' dir='ltr'>l</span> <span class='ocrx_word' id='word_1_215' title='bbox 1597 5049 1911 5107; x_wconf 83' lang='lat' dir='ltr'>crominsque</span> <span class='ocrx_word' id='word_1_216' title='bbox 1962 5047 2001 5093; x_wconf 99' lang='lat' dir='ltr'><strong><em>V</em></strong></span> <span class='ocrx_word' id='word_1_217' title='bbox 2215 5046 2360 5093; x_wconf 78' lang='lat' dir='ltr'>misia</span> <span class='ocrx_word' id='word_1_218' title='bbox 2409 5047 2447 5091; x_wconf 92' lang='lat' dir='ltr'><strong><em>V</em></strong></span> <span class='ocrx_word' id='word_1_219' title='bbox 2671 5046 2701 5095; x_wconf 80' lang='lat'><strong>2</strong></span> <span class='ocrx_word' id='word_1_220' title='bbox 2739 5038 2957 5095; x_wconf 59' lang='lat' dir='ltr'>alcinovs</span> <span class='ocrx_word' id='word_1_221' title='bbox 3002 5048 3042 5092; x_wconf 94' lang='lat' dir='ltr'><strong><em>V</em></strong></span> <span class='ocrx_word' id='word_1_222' title='bbox 3082 5049 3126 5109; x_wconf 92' lang='lat' dir='ltr'>(o</span> <span class='ocrx_word' id='word_1_223' title='bbox 3163 5047 3257 5095; x_wconf 82' lang='lat' dir='ltr'>del.</span> <span class='ocrx_word' id='word_1_224' title='bbox 3300 5044 3412 5105; x_wconf 70' lang='lat'>⁷71²),</span> <span class='ocrx_word' id='word_1_225' title='bbox 3464 5048 3673 5094; x_wconf 81' lang='lat' dir='ltr'>Alcinus</span> <span class='ocrx_word' id='word_1_226' title='bbox 3713 5046 3878 5108; x_wconf 73' lang='lat' dir='ltr'>Luyd.</span> 
     </span>
     <span class='ocr_line' id='line_1_36' title="bbox 626 5134 1229 5205; baseline -0.005 -23"><span class='ocrx_word' id='word_1_227' title='bbox 626 5136 768 5194; x_wconf 62' lang='lat' dir='ltr'>volvo</span> <span class='ocrx_word' id='word_1_228' title='bbox 978 5135 1007 5182; x_wconf 98' lang='grc'><strong>3</strong></span> <span class='ocrx_word' id='word_1_229' title='bbox 1047 5135 1140 5205; x_wconf 66' lang='lat' dir='ltr'>stis</span> <span class='ocrx_word' id='word_1_230' title='bbox 1188 5134 1229 5179; x_wconf 87' lang='lat' dir='ltr'><strong><em>V</em></strong></span> 
     </span>
    </p>

    <p class='ocr_par' dir='ltr' id='par_1_20' title="bbox 802 5208 3885 5281">
     <span class='ocr_line' id='line_1_37' title="bbox 802 5208 3885 5281; baseline -0 -12"><span class='ocrx_word' id='word_1_231' title='bbox 802 5214 905 5269; x_wconf 69' lang='lat'>24.</span> <span class='ocrx_word' id='word_1_232' title='bbox 983 5219 1001 5267; x_wconf 86' lang='lat'>1</span> <span class='ocrx_word' id='word_1_233' title='bbox 1048 5208 1141 5266; x_wconf 63' lang='grc' dir='ltr'>’σα</span> <span class='ocrx_word' id='word_1_234' title='bbox 1189 5220 1227 5265; x_wconf 92' lang='lat' dir='ltr'><strong><em>V</em></strong></span> <span class='ocrx_word' id='word_1_235' title='bbox 1267 5219 1297 5279; x_wconf 89' lang='lat' dir='ltr'>(i</span> <span class='ocrx_word' id='word_1_236' title='bbox 1335 5216 1422 5278; x_wconf 75' lang='lat' dir='ltr'>m2)</span> <span class='ocrx_word' id='word_1_237' title='bbox 1659 5219 1689 5268; x_wconf 81' lang='lat'><strong>2</strong></span> <span class='ocrx_word' id='word_1_238' title='bbox 1726 5221 1981 5281; x_wconf 85' lang='lat' dir='ltr'>diripuere</span> <span class='ocrx_word' id='word_1_239' title='bbox 2028 5219 2068 5263; x_wconf 93' lang='lat' dir='ltr'><strong><em>V</em></strong></span> <span class='ocrx_word' id='word_1_240' title='bbox 2095 5233 2219 5266; x_wconf 80' lang='lat' dir='ltr'>corr.</span> <span class='ocrx_word' id='word_1_241' title='bbox 2275 5219 2537 5279; x_wconf 78' lang='lat' dir='ltr'>Wakefield</span> <span class='ocrx_word' id='word_1_242' title='bbox 2765 5221 2794 5267; x_wconf 88' lang='grc'><strong>3</strong></span> <span class='ocrx_word' id='word_1_243' title='bbox 2834 5227 2911 5268; x_wconf 73' lang='lat' dir='ltr'>ast</span> <span class='ocrx_word' id='word_1_244' title='bbox 2955 5221 2995 5266; x_wconf 93' lang='lat' dir='ltr'><strong><em>V</em></strong></span> <span class='ocrx_word' id='word_1_245' title='bbox 3029 5221 3072 5280; x_wconf 85' lang='lat' dir='ltr'>(s</span> <span class='ocrx_word' id='word_1_246' title='bbox 3109 5217 3183 5267; x_wconf 80' lang='lat' dir='ltr'>m²</span> <span class='ocrx_word' id='word_1_247' title='bbox 3219 5222 3273 5268; x_wconf 78' lang='lat' dir='ltr'>in</span> <span class='ocrx_word' id='word_1_248' title='bbox 3308 5223 3432 5280; x_wconf 72' lang='lat' dir='ltr'>ras.)</span> <span class='ocrx_word' id='word_1_249' title='bbox 3666 5220 3696 5267; x_wconf 82' lang='lat'>5</span> <span class='ocrx_word' id='word_1_250' title='bbox 3736 5227 3885 5268; x_wconf 76' lang='lat' dir='ltr'>natus</span> 
     </span>
    </p>
   </div>
   <div class='ocr_carea' id='block_1_16' title="bbox 635 5306 3883 5717">
    <p class='ocr_par' dir='ltr' id='par_1_21' title="bbox 638 5306 1488 5365">
     <span class='ocr_line' id='line_1_38' title="bbox 638 5306 1488 5365; baseline 0.002 -13"><span class='ocrx_word' id='word_1_251' title='bbox 638 5306 690 5363; x_wconf 89' lang='lat' dir='ltr'>V,</span> <span class='ocrx_word' id='word_1_252' title='bbox 735 5312 903 5353; x_wconf 75' lang='lat' dir='ltr'>natum</span> <span class='ocrx_word' id='word_1_253' title='bbox 945 5306 1136 5365; x_wconf 59' lang='lat' dir='ltr'>lami..</span> <span class='ocrx_word' id='word_1_254' title='bbox 1179 5311 1319 5354; x_wconf 75' lang='lat' dir='ltr'>natos</span> <span class='ocrx_word' id='word_1_255' title='bbox 1357 5306 1488 5355; x_wconf 65' lang='grc' dir='ltr'><strong>θεαὶ.</strong></span> 
     </span>
    </p>

    <p class='ocr_par' dir='ltr' id='par_1_22' title="bbox 798 5386 1372 5442">
     <span class='ocr_line' id='line_1_39' title="bbox 798 5386 1372 5442; baseline -0.003 -2"><span class='ocrx_word' id='word_1_256' title='bbox 798 5386 900 5442; x_wconf 79' lang='grc'><strong>25.</strong></span> <span class='ocrx_word' id='word_1_257' title='bbox 973 5393 1003 5441; x_wconf 88' lang='grc'><strong>3</strong></span> <span class='ocrx_word' id='word_1_258' title='bbox 1044 5391 1286 5441; x_wconf 68' lang='lat' dir='ltr'>haectoris</span> <span class='ocrx_word' id='word_1_259' title='bbox 1332 5393 1372 5438; x_wconf 91' lang='lat' dir='ltr'><strong><em>V</em></strong></span> 
     </span>
    </p>

    <p class='ocr_par' dir='ltr' id='par_1_23' title="bbox 635 5468 3883 5623">
     <span class='ocr_line' id='line_1_40' title="bbox 801 5468 3883 5540; baseline 0 -14"><span class='ocrx_word' id='word_1_260' title='bbox 801 5472 901 5527; x_wconf 78' lang='grc'>26.</span> <span class='ocrx_word' id='word_1_261' title='bbox 981 5476 999 5524; x_wconf 86' lang='lat' dir='ltr'>l</span> <span class='ocrx_word' id='word_1_262' title='bbox 1043 5478 1264 5525; x_wconf 65' lang='lat' dir='ltr'>dimonte</span> <span class='ocrx_word' id='word_1_263' title='bbox 1308 5479 1350 5526; x_wconf 91' lang='lat' dir='ltr'><strong><em>V</em></strong></span> <span class='ocrx_word' id='word_1_264' title='bbox 1554 5478 1585 5526; x_wconf 90' lang='lat'><strong>2</strong></span> <span class='ocrx_word' id='word_1_265' title='bbox 1622 5468 1839 5527; x_wconf 79' lang='lat' dir='ltr'>coniu&#39;&#39;x</span> <span class='ocrx_word' id='word_1_266' title='bbox 1889 5478 1928 5524; x_wconf 91' lang='lat' dir='ltr'><strong><em>V</em></strong></span> <span class='ocrx_word' id='word_1_267' title='bbox 1965 5479 2013 5538; x_wconf 89' lang='lat' dir='ltr'>(n</span> <span class='ocrx_word' id='word_1_268' title='bbox 2052 5474 2142 5538; x_wconf 79' lang='lat' dir='ltr'>m2)</span> <span class='ocrx_word' id='word_1_269' title='bbox 2366 5478 2397 5525; x_wconf 80' lang='lat'>4</span> <span class='ocrx_word' id='word_1_270' title='bbox 2434 5480 2541 5525; x_wconf 79' lang='lat' dir='ltr'>ulta</span> <span class='ocrx_word' id='word_1_271' title='bbox 2587 5479 2626 5524; x_wconf 89' lang='lat' dir='ltr'><strong><em>V</em></strong></span> <span class='ocrx_word' id='word_1_272' title='bbox 2666 5481 2709 5538; x_wconf 74' lang='lat' dir='ltr'>(a</span> <span class='ocrx_word' id='word_1_273' title='bbox 2744 5494 2801 5525; x_wconf 71' lang='lat' dir='ltr'>a·</span> <span class='ocrx_word' id='word_1_274' title='bbox 2837 5493 2859 5525; x_wconf 87' lang='lat' dir='ltr'>r</span> <span class='ocrx_word' id='word_1_275' title='bbox 2894 5476 2983 5538; x_wconf 82' lang='lat' dir='ltr'>m2)</span> <span class='ocrx_word' id='word_1_276' title='bbox 3211 5478 3240 5526; x_wconf 92' lang='grc'>5</span> <span class='ocrx_word' id='word_1_277' title='bbox 3280 5478 3638 5540; x_wconf 70' lang='lat' dir='ltr'>stIrparentum</span> <span class='ocrx_word' id='word_1_278' title='bbox 3688 5479 3726 5523; x_wconf 92' lang='lat' dir='ltr'><strong><em>V</em></strong></span> <span class='ocrx_word' id='word_1_279' title='bbox 3757 5493 3883 5527; x_wconf 75' lang='lat' dir='ltr'>corr.</span> 
     </span>
     <span class='ocr_line' id='line_1_41' title="bbox 635 5562 1338 5623; baseline 0.001 -14"><span class='ocrx_word' id='word_1_280' title='bbox 635 5562 799 5622; x_wconf 66' lang='lat' dir='ltr'>Laod.</span> <span class='ocrx_word' id='word_1_281' title='bbox 1013 5564 1044 5611; x_wconf 84' lang='grc'>6</span> <span class='ocrx_word' id='word_1_282' title='bbox 1083 5565 1250 5623; x_wconf 66' lang='lat' dir='ltr'>kyxoc</span> <span class='ocrx_word' id='word_1_283' title='bbox 1298 5566 1338 5610; x_wconf 91' lang='lat' dir='ltr'><strong><em>V</em></strong></span> 
     </span>
    </p>

    <p class='ocr_par' dir='ltr' id='par_1_24' title="bbox 801 5642 3882 5717">
     <span class='ocr_line' id='line_1_42' title="bbox 801 5642 3882 5717; baseline 0 -21"><span class='ocrx_word' id='word_1_284' title='bbox 801 5642 901 5702; x_wconf 78' lang='grc'>27.</span> <span class='ocrx_word' id='word_1_285' title='bbox 975 5649 1217 5698; x_wconf 79' lang='lat' dir='ltr'>Polixene</span> <span class='ocrx_word' id='word_1_286' title='bbox 1263 5650 1302 5697; x_wconf 91' lang='lat' dir='ltr'><strong><em>V</em></strong></span> <span class='ocrx_word' id='word_1_287' title='bbox 1443 5650 1461 5699; x_wconf 92' lang='lat' dir='ltr'>l</span> <span class='ocrx_word' id='word_1_288' title='bbox 1506 5653 1742 5717; x_wconf 79' lang='lat' dir='ltr'>polixena</span> <span class='ocrx_word' id='word_1_289' title='bbox 1777 5652 1815 5698; x_wconf 91' lang='lat' dir='ltr'><strong><em>V</em></strong></span> <span class='ocrx_word' id='word_1_290' title='bbox 1953 5649 1983 5699; x_wconf 85' lang='lat'>2</span> <span class='ocrx_word' id='word_1_291' title='bbox 2020 5652 2210 5710; x_wconf 78' lang='lat' dir='ltr'>cespite</span> <span class='ocrx_word' id='word_1_292' title='bbox 2250 5649 2287 5695; x_wconf 89' lang='lat' dir='ltr'><strong><em>V</em></strong></span> <span class='ocrx_word' id='word_1_293' title='bbox 2426 5649 2456 5697; x_wconf 84' lang='lat'><strong>3</strong></span> <span class='ocrx_word' id='word_1_294' title='bbox 2498 5651 2748 5698; x_wconf 73' lang='lat' dir='ltr'>rniscaotis</span> <span class='ocrx_word' id='word_1_295' title='bbox 2786 5650 2823 5696; x_wconf 90' lang='lat' dir='ltr'><strong><em>V</em></strong></span> <span class='ocrx_word' id='word_1_296' title='bbox 2850 5651 2894 5710; x_wconf 72' lang='lat' dir='ltr'>(s</span> <span class='ocrx_word' id='word_1_297' title='bbox 2919 5648 3015 5697; x_wconf 75' lang='lat' dir='ltr'>del.</span> <span class='ocrx_word' id='word_1_298' title='bbox 3044 5646 3134 5708; x_wconf 81' lang='lat' dir='ltr'>m2)</span> <span class='ocrx_word' id='word_1_299' title='bbox 3283 5649 3485 5698; x_wconf 70' lang='lat' dir='ltr'>haehiui</span> <span class='ocrx_word' id='word_1_300' title='bbox 3523 5650 3563 5696; x_wconf 92' lang='lat' dir='ltr'><strong><em>V</em></strong></span> <span class='ocrx_word' id='word_1_301' title='bbox 3592 5649 3638 5710; x_wconf 83' lang='lat' dir='ltr'>(h</span> <span class='ocrx_word' id='word_1_302' title='bbox 3666 5648 3765 5697; x_wconf 79' lang='lat' dir='ltr'>det.</span> <span class='ocrx_word' id='word_1_303' title='bbox 3792 5645 3882 5710; x_wconf 55' lang='grc' dir='ltr'>νηὶ)</span> 
     </span>
    </p>
   </div>
  </div>
 </body>
</html>
