4630 6435
785 431 866 493 88
2274 425 2584 481 AVSONII

1458 621 1731 698 terrent,
1785 615 2050 681 indocili
2096 616 2431 702 pulsantes
2475 618 2742 683 verbere
2786 615 3071 681 fluctum.

1260 741 1353 781 175
1464 739 1666 804 saepe
1711 720 1904 786 etiam
1950 721 2183 786 mediis
2227 720 2442 786 furata
2484 741 2520 785 e
2567 720 2839 786 collibus
2886 739 3048 785 uvas

1459 824 1626 889 inter
1670 822 1984 889 Oreiadas
2031 824 2290 908 Panope
2336 822 2618 889 fluvialis
2664 823 2905 888 amicas

1460 926 1631 1010 fugit
1674 926 1988 1009 lascivoS‚
2043 927 2368 1012 paganica
2410 927 2709 1007 numina,
2763 928 3043 993 Faunos.

1460 1031 1695 1097 dicitur
1739 1038 1803 1096 et
1846 1031 2059 1096 medio
2106 1052 2249 1097 cum
2297 1032 2394 1097 sol
2440 1032 2615 1096 stetit
2657 1051 2895 1098 aureus
2939 1033 3125 1112 orbe,

1457 1131 1545 1197 ad
1590 1152 1922 1198 commune
1968 1134 2200 1199 fretum
2245 1133 2513 1218 Satyros
2556 1134 2923 1217 vitreasque
2971 1153 3219 1200 sorores

1260 1258 1351 1297 120
1458 1243 1787 1302 consortes
1831 1236 2163 1303 celebrare
2208 1237 2469 1316 choroS,
2523 1257 2667 1303 cum
2714 1239 3010 1323 praebuit
3054 1238 3244 1303 horas

1459 1346 1742 1404 secretas
1788 1339 2118 1405 hominum
2165 1348 2351 1405 coetu
2395 1339 2769 1423 flagrantior
2812 1348 3066 1406 aestus:

1459 1449 1609 1508 tunc
1652 1443 2042 1508 insultantes
2089 1462 2210 1507 sua
2250 1463 2369 1528 per
2413 1443 2577 1508 freta
2623 1443 2846 1509 ludere
2891 1443 3231 1529 Nymphas

1460 1553 1524 1612 et
1569 1547 1834 1631 Satyros
1880 1566 2164 1612 mersare
2211 1546 2399 1611 vadis
2444 1546 2838 1630 rudibusque
2882 1546 3151 1612 natandi

1459 1670 1574 1734 per
1617 1650 1869 1715 medias
1916 1651 2091 1716 exire
2137 1670 2396 1730 manus,
2451 1649 2603 1715 dum
2649 1649 2896 1715 lubrica
2941 1650 3093 1716 falsi

1258 1776 1352 1815 185
1460 1754 1750 1818 membra
1793 1759 2019 1838 petunt
2064 1753 2474 1837 liquidosque
2521 1753 2739 1819 fovent
2781 1774 2896 1838 pro
2940 1772 3203 1838 corpore
3249 1752 3501 1818 fluctuS.

1633 1857 1766 1922 Sed
1809 1877 1936 1922 non
1982 1857 2145 1921 haec
2190 1862 2487 1941 spectata
2532 1856 2652 1921 ulli
2696 1875 2814 1921 nec
2858 1856 3116 1938 cognita
3159 1856 3304 1922 visu

1458 1960 1557 2024 fas
1602 1960 1758 2024 mihi
1805 1960 1891 2025 sit
1933 1980 2046 2044 pro
2095 1966 2274 2044 parte
2322 1958 2529 2042 loqui:
2585 1965 2831 2024 secreta
2874 1965 3131 2042 tegatur

1460 2070 1523 2129 et
1569 2063 1913 2128 commissa
1959 2063 2096 2128 suis
2141 2064 2343 2128 lateat
2386 2063 2749 2128 reverentia
2793 2062 2971 2129 rivis.

1456 2167 1574 2232 illa
1620 2165 1896 2232 fruenda
1940 2166 2154 2249 palam
2202 2165 2489 2251 species,
2545 2187 2691 2231 cum
2737 2167 3011 2249 glaucus
3059 2187 3261 2252 opaco

1256 2293 1349 2333 190
1457 2269 1807 2356 respondet
1853 2270 2001 2335 colli
2047 2269 2317 2351 fluvius,
2374 2269 2669 2336 frondere
2715 2270 3015 2335 videntur

1456 2373 1746 2439 fluminei
1792 2374 2018 2439 latices
2065 2379 2130 2439 et
2172 2372 2442 2458 palmite
2488 2374 2769 2438 consitus
2813 2373 3043 2438 amnis.

1402 2546 1408 2552 ,
1459 2477 1602 2559 quis
1647 2476 1821 2541 color
1863 2476 1977 2542 ille
2022 2476 2245 2558 vadis,
2300 2495 2481 2542 seras
2528 2496 2669 2541 cum
2717 2476 3003 2560 propulit
3047 2477 3305 2542 umbras

1458 2581 1790 2664 Hesperus
1837 2588 1901 2645 et
1945 2579 2136 2645 viridi
2178 2579 2466 2664 perfudit
2510 2586 2723 2645 monte
2769 2580 3137 2645 Mosellam!

1457 2691 1591 2749 tota
1633 2690 1856 2748 natant
1900 2683 2131 2767 crispis
2175 2684 2331 2766 iuga
2376 2684 2652 2748 motibus
2698 2690 2764 2749 et
2802 2684 3022 2751 „tremit
3064 2684 3300 2749 absens

1260 2809 1351 2849 195
1458 2786 1802 2871 pampinus
1849 2794 1914 2852 et
1958 2787 2179 2852 vitreis
2225 2786 2552 2852 vindemia
2594 2792 2809 2869 turget
2850 2786 2917 2852 in
2964 2787 3175 2852 nudie.

1458 2891 1842 2955 adnumerat
1886 2889 2127 2983 virides
2173 2890 2428 2956 derisus
2472 2890 2693 2955 navita
2738 2890 2934 2969 vites,

1457 2993 1680 3058 navita
1723 2993 2030 3059 caudiceo
2076 2986 2338 3059 fluitans
2383 3013 2582 3079 super
2624 3013 2909 3075 aequora
2955 2994 3195 3073 lemb0,

1456 3118 1573 3182 per
1615 3097 1934 3179 medium,
1986 3117 2116 3179 qua
2162 3116 2306 3163 sese
2354 3096 2529 3162 amni
2575 3096 2907 3162 confundit
2950 3097 3164 3181 imago

1458 3200 1644 3266 collis
1690 3207 1756 3266 et
1800 3201 2164 3268 umbrarum
2213 3200 2487 3267 confinia
2532 3200 2809 3266 conserit
2853 3201 3087 3267 amnis.

1255 3326 1350 3367 200
1629 3306 1808 3369 Haec
1849 3325 2103 3389 quoque
2148 3325 2340 3388 quam
2390 3304 2614 3370 dulces
2661 3305 2988 3371 celebrant
3032 3306 3402 3390 spectacula
3446 3325 3749 3391 pompas,

1458 3407 1821 3492 remipedes
1864 3408 2079 3473 medio
2127 3415 2374 3474 certant
2420 3427 2565 3473 cum
2611 3407 2872 3473 flumine
2919 3409 3113 3474 lembi

1458 3519 1524 3578 et
1568 3512 1778 3576 varios
1825 3512 2046 3577 ineunt
2089 3510 2296 3577 flexus
2341 3510 2706 3594 viridesque
2752 3532 2867 3597 per
2910 3531 3055 3576 oras

1458 3615 1778 3698 stringunt
1821 3615 2091 3681 attonsis
2138 3616 2444 3700 pubentia
2489 3615 2782 3698 germina
2827 3617 3060 3700 pratis!

1447 3719 1784 3804 >puppibus
1830 3726 1895 3783 et
1937 3720 2142 3803 proris
2189 3720 2441 3784 alacres
2487 3719 2725 3801 gestire
2768 3718 3112 3801 magistros

797 3913 1030 3919 —mjffk
1081 3915 1172 3920 ὲν-
1195 3914 1620 3921 0700*ss

963 4033 1056 4081 177
1100 4033 1243 4081 ovid.
1285 4033 1447 4094 Epist.
1492 4031 1594 4079 1111
1638 4030 1730 4079 171
1772 4037 2106 4093 montanaque
2144 4033 2354 4079 numina
2390 4031 2551 4079 Panes
2746 4032 2894 4091 Verg.
2939 4032 3113 4092 Georg.
3158 4034 3179 4079 1
3225 4031 3284 4081 10
3324 4034 3608 4093 praesentia
3648 4034 3854 4080 numina
3891 4033 4048 4080 Fauni

792 4119 889 4168 189
915 4134 1028 4181 sqq.
1073 4119 1201 4170 Stat.
1248 4119 1370 4170 Silxr.
1416 4121 1439 4166 I
1479 4118 1529 4180 3,
1573 4118 1635 4167 17
1662 4132 1769 4179 sqq.
1814 4131 2013 4166 nemora
2063 4119 2161 4165 alta
2210 4120 2380 4166 citatis
2425 4120 2700 4166 incubuere
2751 4119 2919 4178 vadis3
2976 4120 3126 4166 fallax
3175 4124 3435 4181 responsat
3484 4119 3645 4177 imago
3693 4120 3953 4167 frondibus
4000 4124 4053 4167 et

788 4208 957 4266 longas
1006 4206 1178 4254 eadem
1232 4206 1366 4264 fugit
1409 4206 1541 4252 unda
1576 4219 1666 4267 per
1703 4207 1908 4252 umbras
2184 4204 2276 4253 201
2311 4218 2418 4266 sqq.
2464 4204 2741 4252 Ermenrlci
2780 4206 2937 4267 epigr.
2979 4203 3044 4252 75
3071 4221 3177 4267 sqq.
3223 4204 3505 4267 remipedes
3545 4206 3705 4253 medio
3742 4208 3822 4253 cui
3862 4213 4051 4253 certant

796 4293 1005 4340 flumine
1041 4293 1195 4340 lembi
1232 4297 1283 4338 et
1321 4292 1481 4339 varios
1516 4292 1701 4339 ineunt
1738 4292 1902 4339 flexus
1940 4291 2229 4352 viridesque
2266 4305 2358 4354 per
2393 4304 2500 4339 oras
2539 4293 2795 4349 stringunt
2831 4293 3041 4338 attonsis
3078 4293 3323 4353 pubentia
3358 4292 3584 4351 germina
3620 4294 3777 4352 pratis

962 4583 1057 4633 174
1097 4590 1287 4633 torrent
1313 4583 1341 4633 λ
1521 4585 1711 4632 inloeili
1738 4581 1800 4633 λ*
1977 4585 2162 4633 fluctus
2191 4585 2233 4631 Z
2449 4586 2544 4634 175
2583 4599 2731 4648 saepe
2757 4588 2878 4634 mai.
2908 4586 3003 4635 lm.
3036 4588 3104 4633 in.
3137 4584 3179 4630 G
3362 4559 3495 4646 εθρᾶ
3521 4586 3619 4632 iam
3647 4586 3694 4631 X
3718 4587 3860 4646 (corr.
3888 4583 3978 4644 m2)

787 4673 949 4737 furate
980 4673 1037 4731 Z,
1067 4673 1229 4720 furate
1257 4669 1332 4720 Χλ
1364 4671 1553 4733 (omnes
1579 4687 1677 4719 om.
1710 4672 1756 4732 e)
1974 4670 2071 4720 176
2108 4674 2309 4721 oreadas
2335 4673 2478 4722 codd.
2507 4687 2631 4722 corr.
2663 4673 2780 4721 Par.
2974 4686 3164 4735 panape
3192 4673 3233 4717 Z
3434 4671 3529 4720 177
3567 4673 3703 4732 sugit
3728 4667 3790 4719 λ*
3965 4685 4051 4732 pa-

787 4760 961 4821 ganica
985 4760 1029 4805 B
1056 4759 1102 4819 (e
1128 4773 1186 4806 cx
1213 4761 1249 4818 t)
1287 4758 1328 4804 Z
1357 4759 1404 4818 (g
1429 4772 1486 4805 ex
1509 4760 1543 4818 i)
1728 4759 1876 4805 funos
1900 4755 1962 4807 λ*
2170 4758 2266 4807 178
2302 4759 2489 4807 dicitur
2512 4762 2632 4806 mai.
2665 4761 2761 4806 litt.
2793 4761 2861 4807 in.
2894 4756 2936 4803 G
3114 4761 3258 4818 cume
3286 4758 3326 4804 Z
3501 4771 3686 4805 aureus
3711 4758 3753 4804 G
3782 4757 4042 4818 Boeekinq,

790 4847 966 4904 igneus
1001 4850 1089 4894 cet.
1130 4846 1274 4904 volyo
1317 4844 1484 4906 (Va-9.
1532 4843 1706 4903 Geory.
1750 4844 1872 4891 1111
1909 4847 2025 4893 4⁶26.
2071 4847 2197 4893 Aen.
2247 4847 2379 4893 VIII
2414 4847 2496 4907 97)
2785 4844 2880 4893 179
2917 4851 2974 4891 nt
3010 4843 3176 4905 codd.‚
3217 4841 3514 4949 αείῂξῖτοηου
3793 4846 3967 4891 satiros
4006 4844 4051 4890 X

793 4965 883 5015 181
926 4972 1059 5014 cetas
1095 4966 1154 5026 B,
1199 4971 1314 5028 cetu
1361 4965 1401 5010 Z
1615 4963 1711 5013 182
1748 4971 1800 5011 et
1838 4980 1951 5012 cum
1991 4966 2295 5013 insultantes
2335 4962 2396 5015 λ*
2437 4966 2510 5027 (in
2548 4979 2645 5014 om.
2694 4965 2807 5025 Uy.)
3026 4962 3120 5012 183
3157 4965 3464 5025 rapidusque
3500 4966 3547 5011 B
3755 4964 3952 5012 natanti
3986 4961 4045 5012 λ·

792 5052 888 5102 184
925 5068 1037 5101 cum
1065 5052 1110 5099 Β
1299 5048 1395 5100 185
1434 5057 1649 5113 specunt
1673 5049 1702 5100 λ
1879 5053 2195 5113 liquidosque
2222 5050 2250 5101 λ
2283 5053 2325 5114 (s
2347 5066 2388 5101 a.
2417 5067 2465 5100 υ.
2494 5050 2583 5112 m2)
2781 5051 2877 5100 186
2914 5052 3000 5099 sed
3025 5053 3146 5098 mai.
3177 5053 3278 5099 litt.
3308 5054 3380 5101 in.
3416 5051 3507 5099 GZ
3700 5050 3795 5100 187
3834 5052 3910 5098 fis
3942 5049 3981 5094 Z

789 5146 930 5201 parte
959 5139 1001 5186 G
1033 5140 1077 5202 (a
1103 5153 1160 5186 ex
1184 5139 1228 5199 o)
1415 5143 1609 5186 secreta
1634 5137 1677 5184 G
1704 5137 1749 5199 (r
1775 5140 1827 5185 in
1851 5139 1973 5198 ras.)
2153 5144 2394 5199 tegantur
2419 5137 2491 5187 Ζλ
2687 5136 2780 5186 188
2819 5139 2945 5185 riuis
2978 5138 3020 5182 G
3047 5138 3083 5198 (i
3103 5151 3185 5197 pr.
3216 5139 3270 5184 in
3293 5136 3414 5196 raa.)
3607 5135 3702 5186 189
3739 5136 3926 5185 suenda
3951 5133 4003 5184 λ’

787 5225 1080 5273 conclaueus
1119 5223 1147 5273 λ
1383 5238 1532 5287 opaco
1571 5222 1613 5269 G
1657 5224 1705 5285 (a
1741 5239 1798 5272 ea:
1837 5226 1886 5285 u)
2129 5224 2216 5273 191
2262 5226 2488 5273 constitit
2525 5223 2553 5273 λ
2795 5223 2889 5273 192
2915 5213 3041 5286 'quis
3076 5226 3196 5272 mai.
3238 5224 3336 5271 lm.
3378 5225 3447 5271 in.
3490 5222 3532 5269 G
3764 5224 3972 5286 protulit
4007 5222 4049 5268 B

786 5313 947 5371 υοῑρο,
981 5311 1200 5372 propulit
1228 5312 1268 5357 Z
1302 5312 1349 5372 (p
1373 5314 1463 5358 alt.
1492 5325 1551 5357 ez·
1576 5313 1612 5369 t)
1830 5288 2026 5359 umbras
2054 5312 2093 5356 Z
2122 5311 2298 5368 (undas
2325 5312 2472 5371 corr.)
2694 5309 2786 5358 193
2824 5311 3084 5370 profundit
3107 5308 3158 5370 λ,
3186 5309 3448 5370 perfundit
3472 5315 3584 5371 cet..
3615 5309 3841 5371 perfudit
3870 5307 3980 5354 Tell

787 5397 1018 5444 moselam
1062 5398 1103 5444 G
1386 5396 1482 5445 194
1522 5400 1778 5446 montibus
1817 5398 1861 5444 B
1903 5399 1951 5460 (n
1989 5398 2138 5457 eras.)
2163 5433 2175 5454 ‚
2240 5397 2281 5442 Z
2322 5397 2372 5457 (n
2409 5396 2543 5458 exp.)
2834 5396 2929 5444 195
2967 5402 3128 5456 terget
3164 5393 3227 5444 λ*
3514 5395 3609 5443 196
3647 5393 3942 5459 αὰζηυηεηῐ
3984 5393 4043 5452 0,

787 5489 1085 5531 annumerat
1111 5482 1200 5529 ΒΖ
1232 5482 1347 5544 U9.‚
1386 5489 1648 5532 annmerat
1673 5482 1703 5533 λ
1913 5478 2123 5548 virides]
2161 5484 2295 5530 nites
2322 5482 2364 5529 G
2573 5478 2794 5548 derisus]
2829 5484 2891 5530 de
2916 5483 3038 5529 riuis
3066 5482 3110 5528 Β
3321 5480 3414 5529 197
3454 5481 3651 5529 cadiceo
3677 5479 3739 5530 a*
3939 5482 4053 5529 flui-

784 5573 860 5616 tis
897 5565 960 5617 λ*
1000 5569 1048 5630 (Ξ
1082 5583 1139 5616 α
1175 5583 1204 5615 a
1235 5565 1328 5629 mss)
1578 5568 1673 5618 198
1710 5571 1939 5618 confudit
1975 5566 2128 5618 1322*
2375 5567 2474 5616 200
2513 5567 2634 5617 baec
2672 5571 2790 5616 mai.
2835 5570 2930 5619 tiu.
2973 5572 3044 5618 in.
3095 5568 3183 5614 ΘΒ
3426 5567 3526 5617 202
3563 5582 3672 5616 oras
3715 5563 3757 5614 G
3795 5568 3843 5630 (ο
3877 5580 3934 5613 οτι
3969 5565 4044 5626 h),

786 5654 927 5703 horas
964 5653 1010 5700 Β
1047 5654 1100 5714 (h
1130 5658 1238 5715 pout
1274 5655 1415 5717 add.)
1461 5653 1569 5704 Ζλ*
1779 5655 1877 5705 203
1914 5656 2134 5716 gramina
2171 5654 2417 5713 Boeckiny
2626 5656 2813 5714 paratis
2858 5654 2900 5698 G
2945 5656 2989 5710 (a
3023 5669 3103 5714 pr.
3143 5655 3288 5715 eras.)
3507 5652 3609 5702 204
3646 5653 3866 5716 pupibus
3908 5651 3978 5701 Ζλ

785 5742 950 5789 alieris
989 5740 1037 5798 λ,
1079 5741 1251 5790 alacris
1291 5741 1335 5787 B
1381 5741 1468 5801 Uy.
1685 5724 1879 5800 gestare
1917 5742 1961 5788 Β
