4630 6435
888 440 923 499 g
2356 429 2663 485 Avsoun

1880 795 1946 859 6.
1998 793 2266 860 LOCVS
2312 793 2801 859 ORDINANDI
2848 791 3128 871 COQVI.

1549 968 1771 1048 Sosia,
1827 966 2272 1051 prandendum
2321 974 2439 1032 est.
2534 972 2825 1048 quartam
2870 963 3002 1031 iam
3046 970 3216 1030 totus
3262 964 3328 1029 in
3373 963 3593 1028 horam
4045 980 4137 1028 156

1721 1071 1817 1135 sol
1863 1072 2060 1136 calet:
2117 1070 2203 1135 ad
2247 1070 2537 1152 quintam
2581 1067 2859 1134 flectitur
2904 1069 3133 1134 umbra
3177 1076 3413 1134 notam.
4041 1065 4130 1124 (V)

1551 1193 1633 1237 an
1680 1180 1910 1257 vegeto
1957 1172 2261 1239 madeant
2306 1171 2566 1237 condita
2611 1171 2880 1257 opsonia
2923 1180 3117 1256 gustu

1734 1276 1979 1358 (fallere
2025 1296 2302 1359 namque
2350 1277 2618 1358 solent),
2676 1274 3069 1360 experiundo
3116 1275 3336 1360 proba.

1417 1405 1441 1442 5
1550 1386 1816 1445 concute
1863 1379 2188 1444 ferventes
2232 1378 2466 1463 palmis
2511 1378 2917 1444 volventibus
2963 1379 3161 1458 ollas⁷

1724 1483 1900 1565 tinge
1948 1484 2118 1548 celer
2161 1482 2401 1566 digitos
2446 1482 2585 1547 iure
2633 1483 2883 1547 calente
2928 1489 3105 1563 tuos,

1447 1641 1452 1650 ,
1552 1586 1827 1652 vibranti
1873 1587 2118 1652 lambat
2160 1607 2318 1670 quos
2368 1586 2585 1651 umida
2631 1585 2853 1669 lingua
2896 1605 3177 1650 recursu.

1560 1739 3231 1754 οοοοοοοοοοοοοοοοοοοοοοοο

1553 2257 2040 2342 quadrupedum
2089 2262 2154 2323 et
2199 2258 2529 2322 volucrum
2577 2258 2678 2323 vel
2727 2278 2869 2323 cum
2915 2265 3171 2324 terrena
3215 2255 3478 2320 marinis
4045 2267 4134 2315 157

1554 2368 1840 2426 monstra
1885 2360 2354 2440 admiscentur,
2410 2360 2614 2427 donec
2659 2361 3083 2446 purgantibus
3128 2361 3300 2425 euris
4045 2357 4128 2416 (VJ

1556 2462 1844 2529 difflatae
1891 2464 2202 2548 liquidum
2250 2471 2593 2530 tenuentur
2637 2465 2705 2529 in
2749 2472 2904 2530 aera
2947 2463 3175 2529 nubes.

1554 2587 1722 2632 nunc
1766 2567 1935 2648 fora,
1991 2587 2160 2633 nunc
2206 2568 2385 2646 lites,
2442 2567 2557 2633 lati
2602 2568 2790 2633 modo
2833 2588 3069 2652 pompa
3113 2567 3346 2631 theatri

1420 2693 1447 2729 ⁵
1553 2671 1781 2736 visitur
1825 2678 1890 2736 et
1933 2678 2178 2736 turmas
2224 2671 2509 2753 equitum
2560 2672 2923 2755 caedesque
2968 2672 3284 2737 latronum

1554 2774 1903 2860 perpetior:
1960 2775 2203 2840 lacerat
2249 2782 2499 2840 nostros
2547 2775 2686 2840 fera
2729 2776 2924 2841 belua
2967 2775 3182 2840 vultus

1554 2883 1666 2943 aut
1710 2877 1776 2941 in
1823 2878 2186 2961 sanguinea
2230 2877 2451 2961 gladio
2496 2898 2871 2961 grassamur
2913 2877 3177 2943 harena.

1554 3000 1670 3065 per
1712 3001 1888 3047 mare
1934 2981 2342 3065 navifragum
2387 2982 2648 3064 gradior
2693 2981 2895 3066 pedes
2943 2989 3008 3047 et
3052 2981 3218 3047 freta
3272 3001 3461 3045 cursu

1553 3084 1845 3149 transilio
1892 3091 1956 3149 et
2002 3085 2234 3150 subitis
2280 3084 2477 3150 volito
2523 3104 2718 3168 super
2761 3092 2916 3150 aera
2960 3085 3196 3168 pinnis.

1391 3206 1446 3245 ιο
1553 3186 1860 3253 infandas
1907 3187 2101 3253 etiam
2148 3208 2420 3255 veneres
2465 3187 2836 3271 incestaque
2882 3187 3088 3254 noctis

1556 3289 1874 3357 dedecora
1918 3299 1982 3358 et
2023 3292 2302 3376 tragicos
2350 3292 2630 3376 patimur
2673 3312 2788 3376 per
2831 3292 3078 3357 somnia
3123 3298 3364 3356 coetus.

1557 3394 1920 3477 perfugium
1967 3403 2184 3461 tamen
2230 3402 2362 3477 est,
2415 3395 2709 3478 quotiens
2755 3402 3049 3479 portenta
3092 3414 3386 3479 soporum

1557 3498 1748 3563 solvit
1792 3505 1982 3583 rupta
2026 3499 2268 3583 pudore
2318 3500 2502 3581 quies
2549 3506 2614 3564 et
2656 3499 2939 3583 imagine
2988 3498 3178 3564 foeda

1556 3601 1764 3666 libera
1808 3621 1991 3667 mens
2035 3602 2301 3685 vigilat:
2358 3609 2559 3667 totum
2606 3602 2770 3667 bene
2817 3601 3072 3667 conscia
3117 3601 3351 3667 lectum

1391 3724 1448 3762 ¹⁵
1555 3712 1902 3788 pertractat
1948 3725 2175 3772 secura
2218 3725 2483 3771 manus:
2537 3706 2846 3790 probrosa
2891 3704 3136 3770 recedit

1557 3808 1751 3892 culpa
1795 3808 1917 3873 tori
1964 3817 2028 3875 et
2073 3808 2332 3892 profugi
2377 3815 2730 3874 vanescunt
2773 3808 3041 3873 crimina
3085 3808 3310 3873 somni.

1558 3930 1747 3976 cerno
1793 3911 2258 3997 triumphantes
2303 3913 2471 3978 inter
2515 3932 2617 3978 me
2665 3912 3009 3996 plaudere:
3065 3933 3316 3978 rursum

1554 4014 1720 4080 inter
1764 4015 2050 4100 captivos
2095 4017 2315 4080 trahor
2359 4023 2725 4081 exarmatus
2769 4014 3033 4081 Alanos.

1555 4119 1800 4202 templa
1845 4119 2035 4184 deum
2083 4126 2467 4202 sanctasque
2515 4119 2685 4183 fores
2733 4118 3103 4203 palatiaque
3148 4138 3346 4183 aurea

1389 4239 1448 4279 2⁰
1557 4227 1772 4304 specto
1816 4228 1880 4287 et
1925 4222 2204 4286 Sarrano
2251 4221 2475 4286 videor
2520 4221 2923 4287 discumbere
2968 4222 3033 4286 in
3080 4228 3276 4287 ostro:

1557 4330 1623 4389 et
1665 4344 1818 4389 mox
1865 4324 2133 4390 fumosis
2179 4325 2450 4390 conviva
2494 4324 2803 4389 accumbo
2846 4324 3123 4408 popinis.

1730 4427 2035 4494 Divinum
2083 4429 2426 4512 perhibent
2469 4434 2681 4493 vatem
2730 4428 2848 4492 sub
2895 4427 3229 4492 frondibus
3278 4426 3435 4491 ulmi

1064 4704 1120 4757 7.
1196 4705 1250 4754 11
1296 4705 1444 4768 Soph.
1475 4706 1595 4755 Oed.
1628 4706 1744 4765 Tyr.
1775 4706 1868 4755 981
1900 4721 1973 4768 sq.
1999 4710 2052 4767 (Ἰ)
2268 4706 2336 4755 20
2374 4707 2522 4766 Verg.
2556 4706 2731 4765 Georg.
2765 4706 2811 4751 11
2839 4704 2938 4753 506
2977 4706 3186 4753 Sarrano
3221 4704 3430 4753 dormiat
3465 4713 3597 4753 ostro
3667 4709 3797 4758 Aen.
3829 4712 3850 4758 I
3882 4710 3985 4759 700
4023 4718 4149 4759 stra·

885 4800 1036 4855 toque
1073 4807 1226 4854 super
1261 4792 1589 4840 discumbitur
1624 4798 1753 4841 ostro
1994 4792 2060 4842 22
2086 4808 2162 4855 sq.
2204 4794 2354 4853 Verg.
2395 4794 2523 4841 Aen.
2569 4792 2640 4839 VI
2678 4790 2777 4840 283
2804 4806 2879 4853 sq.
2923 4791 3089 4840 ulmus
3125 4803 3273 4852 opaca
3311 4792 3510 4852 ingens,
3549 4807 3699 4853 quam
3739 4796 3907 4843 sedern
3948 4798 4147 4845 Somnia

889 4882 1027 4940 volgo
1064 4895 1190 4928 vans
1225 4885 1399 4928 tenere
1439 4880 1610 4928 ferunt
1647 4879 1881 4940 foliisque
1918 4881 2011 4927 sub
2046 4881 2278 4928 omnibus
2317 4880 2527 4928 haerent

1059 5135 1120 5188 6.
1192 5139 1380 5201 quoqui
1425 5138 1465 5182 V
1738 5136 1768 5184 3
1807 5137 1978 5197 uegito
2021 5138 2061 5182 V
2279 5137 2483 5183 obsonia
2529 5132 2579 5182 V'
2844 5135 2874 5182 5
2912 5125 3233 5184 uolventibus
3280 5136 3320 5183 V
3373 5137 3417 5195 (v
3455 5135 3545 5198 m‘l)
3831 5139 3863 5187 6
3902 5131 4073 5200 tingVe
4116 5141 4155 5187 V

890 5224 916 5271 7
955 5206 1127 5272 li'ibant
1171 5223 1211 5268 V
1248 5223 1297 5283 (n
1335 5224 1482 5282 eras.)
1741 5236 1974 5270 recursus
2019 5222 2071 5281 V,
2113 5235 2318 5269 recursu
2355 5223 2486 5271 Scal.
2752 5222 2845 5268 Hic
2880 5223 3049 5269 minus
3086 5222 3201 5268 abet
3240 5222 3389 5267 finem
3428 5236 3575 5269 causo
3614 5226 3812 5284 superis
3851 5232 3904 5272 et
3942 5226 4146 5273 initium

887 5309 1150 5371 sequentis
1186 5309 1469 5369 ephemeris
1518 5310 1555 5355 V
1588 5311 1642 5355 in
1677 5323 1776 5369 my.
1818 5305 1918 5370 m23
1960 5307 2144 5367 solium
2183 5308 2431 5355 intercidit
2468 5310 2519 5355 in
2555 5307 2714 5355 codiee
2750 5307 3004 5368 archetypo

1066 5391 1122 5444 7.
1191 5392 1224 5440 4
1262 5395 1349 5441 lati
1385 5395 1425 5440 V
1451 5396 1481 5455 (i
1508 5391 1596 5455 m2)
1812 5394 1958 5443 teatri
1992 5393 2031 5439 V
2237 5393 2264 5441 7
2304 5407 2580 5440 crassamur
2616 5407 2764 5440 arena
2797 5393 2837 5438 V
3041 5391 3070 5439 8
3109 5407 3241 5440 mare
3277 5392 3316 5437 V
3351 5393 3394 5452 (r
3418 5389 3570 5440 m‘21‘n
3594 5398 3715 5449 ran.)
3941 5395 3991 5444 11
4040 5411 4148 5456 gn..

887 5482 1022 5528 dicos
1055 5479 1097 5526 V
1121 5481 1348 5539 (tragicos
1373 5478 1462 5541 ⁷12²)
1683 5479 1742 5529 12
1780 5481 1974 5533 cotiens
2010 5480 2050 5526 V
2195 5528 2212 5537 -
2260 5477 2318 5526 14
2358 5468 2555 5527 conscia
2589 5479 2627 5525 V
2661 5480 2701 5537 (c
2726 5476 2812 5538 ²122)
3036 5476 3096 5525 15
3135 5478 3322 5524 secedit
3361 5479 3398 5523 V
3438 5480 3579 5538 (corr.
3620 5477 3711 5539 2112)
3941 5480 4001 5530 16
4038 5497 4149 5543 pm-

887 5567 996 5626 fugi
1045 5566 1084 5611 V
1125 5567 1153 5625 (i
1191 5562 1266 5613 m²
1301 5568 1355 5612 in
1390 5566 1509 5627 ms.)
1781 5548 2052 5613 manvscui'i
2102 5566 2138 5609 V
2178 5555 2482 5625 (mnnvsqm'l
2518 5560 2633 5623 ²712),
2675 5564 2987 5610 minuiscunt
3024 5562 3152 5611 δραι.
3195 5565 3354 5624 vomo,
3399 5571 3693 5611 manascunt
3733 5565 3925 5627 Peiper,
3972 5581 4150 5616 vanes-

887 5658 1011 5700 cunt
1043 5653 1188 5699 Goetz
1403 5650 1461 5698 17
1501 5634 1950 5699 cernonrifisantes
1986 5651 2025 5696 V
2238 5650 2296 5697 18
2337 5655 2465 5697 traor
2500 5649 2540 5694 V
2742 5648 2807 5695 20
2846 5649 3017 5695 uideor
3055 5649 3094 5694 V
3120 5655 3159 5707 (r
3184 5647 3298 5696 add.
3330 5646 3421 5709 m'2)
3637 5648 3701 5696 22
3740 5654 4012 5711 peri*bent
4049 5653 4087 5697 V

886 5740 1110 5787 fontibus
1159 5738 1215 5797 V,
1259 5737 1522 5784 frondibus
1558 5737 1721 5796 Luyd.
