4630 6435
877 438 1069 502 XXII
2263 435 2719 488 PRoossmvm.

876 662 1057 726 cuius
1105 661 1248 725 libri
1293 680 1682 742 quamquam
1730 666 2094 724 accuratam
2143 659 2350 723 habeo
2396 657 2889 740 descriptionem
2937 657 3019 720 ab
3067 657 3343 721 Henrico
3376 657 3520 720 -filio
3574 655 3965 732 confectam,
4032 661 4129 719 ta-

876 802 1021 845 men
1081 801 1246 864 quae
1305 780 1707 845 continentur
1766 801 1841 844 eo
1900 800 2090 862 quam
2150 778 2529 843 brevissime
2593 777 2913 841 indicabo.
3023 783 3168 860 post
3223 777 3405 842 varia
3462 797 3692 862 opera,
3760 796 3841 839 ex
3898 775 4129 857 quibus

883 900 1293 985 ‘Calphurnii
1340 899 1659 965 bucolica’
1717 901 1879 981 (cum
1926 919 2133 964 rerum
2178 898 2392 963 indice
2439 897 2483 961 f.
2525 901 2855 980 25¹—57‘)
2909 918 3328 963 commemoro
3347 899 3418 980 ⁵),
3474 905 3774 961 secuntur
3821 896 3866 959 f.
3926 900 4126 958 169-

882 1026 1025 1084 ¹77r
1069 1020 1316 1085 indices
1377 1040 1585 1084 rerum
1647 1027 1712 1084 et
1769 1019 2103 1084 verborum
2166 1018 2250 1082 ad
2295 1018 2682 1097 Ausonium,
2751 1016 2799 1081 f.
2859 1021 3223 1082 177v-1s2
3282 1017 3480 1082 index
3526 1016 3876 1082 carminum
3923 1016 4129 1080 Auso-

875 1141 1245 1220 nianorum,
1315 1139 1495 1204 cuius
1552 1139 1615 1203 in
1670 1139 1796 1204 fine
1855 1139 2017 1204 haec
2063 1146 2210 1203 sunt
2254 1137 2516 1204 adiecta
2578 1138 2875 1202 ‘Finiunt
2919 1158 2999 1203 ea
3043 1137 3309 1202 Ausonii
3356 1136 3754 1220 fragmenta,
3820 1156 3986 1219 quae
4029 1135 4126 1200 in-

874 1229 1048 1326 uidia
1093 1266 1322 1325 cuncta
1367 1259 1705 1324 corrodens
1751 1266 2039 1324 uetustas
2085 1258 2169 1323 ad
2214 1279 2444 1323 manus
2489 1278 2668 1323 meas
2701 1258 2921 1322 uenire
2953 1258 3289 1342 permisit'‚
3343 1257 3389 1321 f.
3436 1258 3829 1322 1⁹33v—-248v
3861 1255 4130 1321 Ausonii

872 1381 1184 1464 opuscula
1246 1379 1574 1462 (inscripta
1637 1379 1943 1444 ‘Ausonii
2006 1378 2259 1463 paeonii
2320 1386 2548 1463 poetae
2608 1378 3013 1443 disertissimi
3075 1380 3612 1462 epigrammatum
3672 1377 3835 1442 liber
3887 1376 4128 1460 primus

874 1499 1273 1566 dimidiatus.
1357 1499 1820 1581 Prohemium’,
1896 1499 2324 1583 subscriptum
2400 1499 2574 1564 ‘Hec
2641 1504 2788 1563 sunt
2853 1519 2934 1563 ea
2999 1499 3250 1564 ausonii
3320 1499 3680 1581 fragmenta
3748 1517 3917 1578 quae
3985 1504 4130 1561 sunt

874 1621 1114 1705 scripta
1157 1621 1223 1685 in
1270 1620 1598 1686 codicibus
1644 1619 1998 1704 impressis.
2078 1619 2312 1701 quibus
2358 1618 2629 1704 apposui
2675 1619 2808 1683 alia
2850 1619 3125 1701 quedam
3173 1618 3463 1684 eiusdem
3508 1638 3674 1700 quae
3719 1618 4022 1701 leguntur
4064 1617 4127 1681 in

874 1746 1126 1806 uetusto
1173 1739 1392 1805 codice
1438 1760 1518 1805 ex
1561 1719 1954 1805 bibliotheca
1995 1738 2129 1803 diui
2177 1738 2374 1804 marci
2419 1737 2842 1820 florentiae‘),
2905 1737 2950 1802 f.
3005 1742 3345 1802 249-269
3392 1738 3697 1818 Mosella,
3764 1736 4129 1820 Symmachi

872 1860 1171 1944 epistula,
1227 1860 1542 1925 Caesares
1584 1860 1765 1942 (XXI
1805 1864 1871 1938 1,-
1926 1863 1987 1940 2,
2032 1862 2289 1940 1—80),
2342 1859 2574 1941 quibus
2620 1856 2871 1924 addidit
2914 1859 3212 1923 librarius
3258 1879 3338 1924 ea
3366 1879 3532 1940 quae
3564 1878 3758 1942 supra
3788 1857 4131 1941 scripserat

881 1980 1179 2045 ‘Finiunt
1225 2032 1238 2044 .
1284 2031 1297 2044 .
1341 2031 1354 2044 .
1406 1981 1723 2065 permisit'
1776 1980 2054 2065 repetita
2099 1987 2164 2045 et
2206 1979 2553 2064 adscripsit
2604 1983 2801 2063 ‘opus
2845 1978 3348 2063 imperfectum’,
3404 1977 3682 2060 denique
3728 1978 3772 2042 f.
3827 1982 3945 2042 261
3985 1998 4121 2060 sqq.

875 2103 1119 2168 Probae
1179 2101 1514 2166 Faltoniae
1572 2102 1773 2167 Cento
1831 2107 1897 2166 et
1951 2100 2244 2185 Gregorii
2301 2099 2547 2165 Tiferni
2616 2107 2844 2184 poetae
2903 2100 3172 2165 illustris
3232 2101 3563 2184 opuscula.
3679 2099 3807 2163 iam
3865 2119 3948 2163 ex
4008 2098 4128 2163 hac

872 2222 1300 2306 descriptione
1358 2229 1423 2287 et
1483 2221 1850 2306 scripturiS,
1918 2240 2080 2304 quas
2124 2242 2204 2286 ex
2249 2220 2598 2286 Harleiano
2644 2221 2712 2285 in
2756 2220 3228 2286 commentariis
3273 2222 3360 2286 ad
3405 2220 3769 2285 Gratiarum
3815 2218 4124 2284 actionem

870 2342 1205 2427 proposui,
1275 2342 1465 2407 facile
1520 2342 1920 2424 intellegitur
1979 2347 2286 2424 excerpta
2330 2341 2704 2406 Ausoniana
2760 2340 3085 2424 descripta
3144 2360 3287 2406 esse
3346 2362 3427 2406 ex
3488 2340 3768 2406 editione
3813 2339 4119 2424 principe.

871 2461 987 2528 sed
1046 2462 1114 2527 in
1169 2463 1459 2545 margine
1519 2461 1694 2526 haud
1751 2482 1893 2526 raro
1954 2461 2263 2526 lectiones
2321 2461 2553 2526 litteris
2607 2461 2759 2525 ‘aL’
2808 2460 3208 2544 significatae
3266 2461 3708 2539 inveniuntur,
3781 2480 3949 2542 quae
3995 2459 4127 2524 fere

871 2601 1095 2648 omnes
1140 2603 1221 2647 ex
1267 2581 1493 2647 eodem
1541 2580 2135 2665 Magliabecchiano
2181 2580 2597 2665 depromptae
2641 2587 2809 2662 sunt,
2863 2601 2943 2646 ex
2989 2602 3115 2663 quo
3160 2582 3519 2662 Mosellam,
3574 2580 3946 2665 Symmachi
3991 2580 4129 2665 epi-

871 2703 1137 2784 stulam,
1208 2703 1525 2768 Caesares
1580 2722 1651 2767 se
1713 2701 2133 2785 descripsisse
2191 2701 2494 2766 librarius
2553 2702 2693 2786 ipse
2753 2701 3081 2767 indicavit.
3175 2723 3396 2768 verum
3456 2701 3899 2786 apographum
3964 2701 4127 2766 Har-

872 2822 1152 2886 leianum
1210 2821 1278 2885 in
1336 2822 1437 2887 his
1493 2822 1820 2905 opusculis
1881 2842 2287 2905 nequaquam
2347 2822 2629 2888 bonitate
2689 2843 2807 2907 par
2863 2828 2963 2888 est
3007 2822 3468 2896 Laurentiano:
3536 2822 3777 2887 multae
3833 2822 4004 2886 enim
4061 2822 4126 2885 in

871 2943 1145 3007 Mosella
1202 2949 1266 3006 et
1322 2941 1708 3007 Caesaribus
1768 2949 1917 3007 sunt
1974 2943 2282 3024 lacunae,
2358 2962 2520 3024 quas
2577 2942 2729 3008 inde
2789 2948 2963 3007 ortas
3023 2963 3169 3007 esse
3228 2942 3531 3027 adparet,
3600 2940 3771 3023 quod
3829 2940 4126 3005 librarius

873 3062 1048 3127 haud
1091 3069 1383 3127 versatus
1426 3063 1495 3126 in
1539 3062 1870 3128 codicibus
1914 3062 2210 3144 legendis
2255 3062 2834 3146 Magliabecchiani
2881 3062 3298 3147 scripturam,
3362 3083 3749 3147 quamquam
3792 3061 4006 3126 nullas
4050 3081 4127 3126 ea

871 3183 1116 3266 legenti
1162 3181 1576 3249 difficultates
1621 3188 1827 3268 parat,
1879 3203 2006 3248 non
2049 3182 2391 3249 intellexit.

1041 3305 1181 3369 Hoc
1246 3305 1383 3369 loco
1444 3304 1635 3369 simul
1694 3304 1775 3370 de
1832 3311 2129 3387 quattuor
2186 3323 2501 3389 exponam
2565 3304 2922 3387 codicibus,
2993 3305 3227 3388 quibus
3286 3326 3365 3371 ex
3426 3305 3696 3370 Ausonii
3743 3304 4126 3370 Caesaribus

869 3425 1268 3489 monosticha
1323 3433 1389 3491 et
1446 3425 1961 3491 tetrastichorum
2016 3446 2122 3490 vv.
2179 3427 2377 3488 1-81
2443 3425 2881 3507 continentur,
2948 3426 3091 3491 dico
3154 3427 3621 3492 Laurentianos
3681 3426 3841 3491 duos
3888 3430 4006 3506 64,
4059 3429 4116 3500 9,

870 3563 1043 3609 saec.
1094 3546 1318 3625 XIIII,
1386 3545 1451 3610 in
1498 3566 1625 3628 quo
1670 3547 1972 3629 leguntur
2015 3545 2262 3611 Sidonii
2308 3545 2708 3629 Apollinaris
2754 3546 3067 3626 carmina,
3141 3549 3258 3627 89,
3320 3546 3434 3611 inf.
3490 3550 3563 3625 8,
3630 3544 4120 3629 Neapolitanum

869 3664 1073 3729 musei
1121 3665 1297 3749 publ.
1352 3666 1592 3732 CXXV
1644 3666 1930 3749 (Ianelliz
1983 3666 2115 3730 IIII
2148 3666 2197 3731 C
2232 3668 2364 3747 25),
2418 3665 2694 3746 denique
2741 3665 3275 3749 Glasgoviensem
3321 3686 3485 3731 mus.
3522 3668 3789 3730 Hunter.
3828 3665 3884 3729 V
3918 3668 3978 3745 3,
4020 3669 4115 3744 11,

870 3784 980 3866 qui
1037 3786 1296 3850 saeculo
1350 3785 1572 3868 quinto
1631 3784 1882 3851 decimo
1942 3786 2190 3851 exarati
2259 3786 2347 3870 (in
2395 3787 2698 3851 Laurent.
2751 3788 2870 3867 89,
2932 3786 3048 3851 inf.
3103 3789 3140 3851 8
3186 3786 3579 3870 adscriptum
3626 3792 3727 3851 est
3776 3786 3943 3871 ιθεῷ
3987 3780 4124 3855 δόξα

871 3910 931 3968 3.
984 3905 1269 3969 Ianuarii
1322 3906 1529 3985 1457’,
1602 3905 1667 3969 in
1714 3905 2142 3990 Neapolitano
2212 3908 2341 3969 ίθῶ
2388 3902 2531 3977 δόξα
2576 3924 2671 3970 xl.
2726 3906 2937 3971 Martii
2991 3909 3153 3970 1466
3172 3906 3206 3989 ')
3276 3906 3564 3972 Suetonii
3611 3906 3925 3972 Caesares
3978 3925 4122 3970 con-

869 4023 1094 4090 tinent.
1188 4024 1630 4109 inscriptiones
1687 4025 1811 4091 hae
1871 4032 2048 4090 sunt:
2118 4026 2185 4091 in
2243 4025 2732 4091 Laurentianis:
2813 4025 3112 4111 ‘Sydonii
3172 4046 3400 4092 uersus
3458 4026 3524 4091 in
3583 4026 3894 4110 principio
3952 4023 4116 4090 libri.

868 4143 985 4208 Isti
1047 4163 1273 4208 uersus
1334 4146 1422 4210 al.
1489 4145 1790 4227 leguntur
1833 4145 2083 4211 Decimi
2129 4145 2348 4229 Magni
2394 4145 2666 4210 Ausonii
2712 4146 3057 4211 Musellae’
3128 4146 3212 4227 (in
3260 4148 3453 4211 Laur.
3504 4150 3607 4227 64,
3662 4152 3700 4211 9
3760 4147 3958 4212 verba
4022 4145 4122 4209 ‘in

869 4263 1179 4347 principio
1230 4312 1245 4327 .
1290 4316 1303 4328 .
1347 4315 1360 4328 .
1412 4266 1756 4331 Musellae'
1821 4286 2013 4330 manu
2072 4266 2281 4331 altera
2333 4265 2587 4331 adiecta
2632 4271 2842 4349 sunt),
2910 4266 2979 4330 in
3022 4266 3483 4351 Neapolitano:
3548 4265 3854 4349 ‘Sydonii
3900 4283 4124 4330 uersus

869 4384 935 4448 in
974 4366 1293 4469 ‘principio
1339 4384 1505 4448 libri.
1580 4385 1696 4450 alii
1744 4386 1858 4450 dfit
1899 4385 2148 4451 Decimi
2195 4385 2416 4469 Magni
2460 4386 2728 4450 Ausonii
2774 4387 3142 4468 Musellae’,
3195 4387 3263 4452 in
3309 4385 3761 4470 Glasgoviensi
3807 4385 4115 4467 denique:

877 4504 1201 4570 ‘Suetonii
1245 4524 1495 4569 uersus.
1590 4506 1657 4570 in
1702 4506 2016 4591 principio
2064 4505 2211 4570 libri
2256 4505 2446 4572 aliter
2489 4507 2810 4589 leguntur.
2900 4506 3149 4573 Decimi
3196 4508 3415 4590 magni
3460 4508 3727 4572 Ausonii
3770 4506 4117 4572 musillae’.

868 4624 934 4689 hi
979 4625 1177 4709 igitur
1220 4625 1387 4707 libri,
1444 4626 1525 4692 de
1568 4627 1805 4709 quibus
1851 4632 1996 4712 post
2039 4627 2403 4693 accuratius
2449 4647 2786 4712 exponam,
2839 4647 2920 4693 ex
2964 4627 3190 4693 eodem
3230 4628 3604 4712 exemplari,
3658 4647 3782 4709 quo
3812 4626 4123 4693 Caesares

866 4746 934 4811 in
979 4745 1595 4829 Magliabecchiano,
1651 4746 1918 4831 profecti
1965 4754 2134 4812 sunt.

1043 4866 1449 4949 Vossianum,
1502 4867 2187 4951 Magliabecchianum,
2243 4867 2706 4932 Laurentianos
2753 4872 2858 4949 51,
2917 4871 3019 4932 13.
3070 4870 3174 4949 64,
3229 4871 3267 4931 9
3314 4869 3456 4953 ipse
3502 4868 3780 4949 excussi,
3833 4886 3912 4932 ex
3960 4868 4123 4931 Har-

869 4984 1080 5050 leiano
1127 4985 1495 5052 Gratiarum
1540 4987 1856 5053 actionem
1903 4988 2170 5052 contulit
2213 4988 2267 5051 Ι.
2320 4987 2402 5050 Η.
2455 4987 2667 5067 Nolte,
2720 4987 3039 5070 quaedam
3087 4990 3371 5054 enotavit
3415 4988 3729 5054 Henricus
3772 4987 3965 5067 filius,
4016 4986 4124 5069 qui

869 5105 1056 5170 simul
1114 5107 1612 5191 Neapolitanum
1673 5114 1740 5173 et
1796 5107 2335 5191 Glasgoviensem
2403 5107 2714 5192 inspexit;
2793 5109 3204 5174 Laurentiani
3252 5112 3366 5191 89,
3440 5109 3557 5174 inf.
3609 5114 3646 5173 8
3715 5108 4121 5174 collationem

869 5227 950 5289 H.
1005 5225 1250 5291 Vitellii
1295 5225 1500 5293 debeo
1545 5227 1875 5293 benefici0.

1041 5346 1179 5409 Iam
1225 5345 1308 5410 ad
1354 5353 1598 5414 ceteros
1643 5348 1834 5413 huius
1879 5348 2137 5431 generis
2183 5347 2460 5430 codices,
2511 5348 2620 5430 qui
2667 5369 2889 5414 omnes
2935 5350 3178 5415 saeculi
3223 5349 3427 5432 quinti
3473 5348 3703 5415 decimi
3745 5354 3912 5430 sunt,
3965 5368 4126 5412 enu-

869 5464 1212 5531 merandos
1257 5485 1333 5531 ac
1378 5466 1658 5533 breviter
1700 5468 2160 5534 describendos
2204 5468 2572 5551 adgrediar.
2667 5476 2816 5534 sunt
2858 5477 3073 5535 autem
3118 5470 3218 5534 hi:

1042 5728 1090 5787 5)
1134 5729 1197 5776 ef.
1243 5728 1509 5777 Baehrens.
1553 5730 1688 5776 Poet.
1730 5730 1820 5777 lat.
1863 5731 1983 5779 min.
2031 5731 2102 5777 111
2139 5730 2203 5778 65
2229 5745 2305 5791 sq.
