<?xml version="1.0" encoding="UTF-8"?>
<!DOCTYPE html PUBLIC "-//W3C//DTD XHTML 1.0 Transitional//EN"
    "http://www.w3.org/TR/xhtml1/DTD/xhtml1-transitional.dtd">
<html xmlns="http://www.w3.org/1999/xhtml" xml:lang="en" lang="en">
 <head>
  <title>
</title>
<meta http-equiv="Content-Type" content="text/html;charset=utf-8" />
  <meta name='ocr-system' content='tesseract 3.04.00' />
  <meta name='ocr-capabilities' content='ocr_page ocr_carea ocr_par ocr_line ocrx_word'/>
</head>
<body>
  <div class='ocr_page' id='page_1' title='image "./dmagniavsoniiop02ausogoog_0099.png"; bbox 0 0 4630 6435; ppageno 0'>
   <div class='ocr_carea' id='block_1_1' title="bbox 445 798 499 837">
    <p class='ocr_par' dir='ltr' id='par_1_1' title="bbox 445 798 499 837">
     <span class='ocr_line' id='line_1_1' title="bbox 445 798 499 837; baseline 0 0"><span class='ocrx_word' id='word_1_1' title='bbox 445 798 499 837; x_wconf 80' lang='lat'>15</span> 
     </span>
    </p>
   </div>
   <div class='ocr_carea' id='block_1_2' title="bbox 439 2244 496 2286">
    <p class='ocr_par' dir='ltr' id='par_1_2' title="bbox 439 2244 496 2286">
     <span class='ocr_line' id='line_1_2' title="bbox 439 2244 496 2286; baseline 0.035 -2"><span class='ocrx_word' id='word_1_2' title='bbox 439 2244 496 2286; x_wconf 88' lang='grc'>10</span> 
     </span>
    </p>
   </div>
   <div class='ocr_carea' id='block_1_3' title="bbox 442 2761 498 2801">
    <p class='ocr_par' dir='ltr' id='par_1_3' title="bbox 442 2761 498 2801">
     <span class='ocr_line' id='line_1_3' title="bbox 442 2761 498 2801; baseline 0.018 -1"><span class='ocrx_word' id='word_1_3' title='bbox 442 2761 498 2801; x_wconf 81' lang='lat'>15</span> 
     </span>
    </p>
   </div>
   <div class='ocr_carea' id='block_1_4' title="bbox 439 3278 499 3319">
    <p class='ocr_par' dir='ltr' id='par_1_4' title="bbox 439 3278 499 3319">
     <span class='ocr_line' id='line_1_4' title="bbox 439 3278 499 3319; baseline 0.017 -1"><span class='ocrx_word' id='word_1_4' title='bbox 439 3278 499 3319; x_wconf 80' lang='lat'>⁴20</span> 
     </span>
    </p>
   </div>
   <div class='ocr_carea' id='block_1_5' title="bbox 1674 479 3785 550">
    <p class='ocr_par' dir='ltr' id='par_1_5' title="bbox 1674 479 3785 550">
     <span class='ocr_line' id='line_1_5' title="bbox 1674 479 3785 550; baseline 0 -13"><span class='ocrx_word' id='word_1_5' title='bbox 1674 479 2134 537; x_wconf 82' lang='lat' dir='ltr'><strong>GRATIARVM</strong></span> <span class='ocrx_word' id='word_1_6' title='bbox 2170 479 2402 536; x_wconf 88' lang='lat' dir='ltr'><strong>ACTIO</strong></span> <span class='ocrx_word' id='word_1_7' title='bbox 2448 480 2643 547; x_wconf 86' lang='lat' dir='ltr'>(VIII).</span> <span class='ocrx_word' id='word_1_8' title='bbox 3707 490 3785 550; x_wconf 84' lang='lat'>27</span> 
     </span>
    </p>
   </div>
   <div class='ocr_carea' id='block_1_6' title="bbox 534 670 3889 4165">
    <p class='ocr_par' dir='ltr' id='par_1_6' title="bbox 537 670 3791 1271">
     <span class='ocr_line' id='line_1_6' title="bbox 540 670 3789 759; baseline 0 -21"><span class='ocrx_word' id='word_1_9' title='bbox 540 673 873 756; x_wconf 89' lang='lat' dir='ltr'>stringere.</span> <span class='ocrx_word' id='word_1_10' title='bbox 972 676 1077 737; x_wconf 81' lang='lat'>62.</span> <span class='ocrx_word' id='word_1_11' title='bbox 1139 691 1527 755; x_wconf 89' lang='lat' dir='ltr'>quamquam</span> <span class='ocrx_word' id='word_1_12' title='bbox 1584 690 1685 736; x_wconf 92' lang='lat' dir='ltr'>me</span> <span class='ocrx_word' id='word_1_13' title='bbox 1736 670 1925 735; x_wconf 90' lang='lat' dir='ltr'>istam</span> <span class='ocrx_word' id='word_1_14' title='bbox 1974 670 2245 736; x_wconf 84' lang='lat' dir='ltr'><strong>dixerim</strong></span> <span class='ocrx_word' id='word_1_15' title='bbox 2294 670 2662 754; x_wconf 80' lang='lat' dir='ltr'>seposuisse</span> <span class='ocrx_word' id='word_1_16' title='bbox 2707 671 3042 737; x_wconf 81' lang='lat' dir='ltr'>materiam</span> <span class='ocrx_word' id='word_1_17' title='bbox 3090 679 3155 738; x_wconf 94' lang='lat' dir='ltr'>et</span> <span class='ocrx_word' id='word_1_18' title='bbox 3195 672 3265 737; x_wconf 91' lang='lat' dir='ltr'>in</span> <span class='ocrx_word' id='word_1_19' title='bbox 3308 680 3565 759; x_wconf 89' lang='lat' dir='ltr'>tempus</span> <span class='ocrx_word' id='word_1_20' title='bbox 3610 674 3789 740; x_wconf 89' lang='lat' dir='ltr'>aliud</span> 
     </span>
     <span class='ocr_line' id='line_1_7' title="bbox 538 774 3790 862; baseline 0.001 -21"><span class='ocrx_word' id='word_1_21' title='bbox 538 796 894 857; x_wconf 89' lang='lat' dir='ltr'>reservare,</span> <span class='ocrx_word' id='word_1_22' title='bbox 949 775 1363 842; x_wconf 90' lang='lat' dir='ltr'>nihilominus</span> <span class='ocrx_word' id='word_1_23' title='bbox 1408 781 1659 855; x_wconf 90' lang='lat' dir='ltr'>tamen,</span> <span class='ocrx_word' id='word_1_24' title='bbox 1713 780 1782 839; x_wconf 92' lang='lat' dir='ltr'>ut</span> <span class='ocrx_word' id='word_1_25' title='bbox 1823 794 1992 839; x_wconf 92' lang='lat' dir='ltr'>nunc</span> <span class='ocrx_word' id='word_1_26' title='bbox 2035 774 2257 856; x_wconf 89' lang='lat' dir='ltr'>aliqua</span> <span class='ocrx_word' id='word_1_27' title='bbox 2301 774 2707 858; x_wconf 89' lang='lat' dir='ltr'>contingam,</span> <span class='ocrx_word' id='word_1_28' title='bbox 2761 781 2919 840; x_wconf 91' lang='lat' dir='ltr'>nutu</span> <span class='ocrx_word' id='word_1_29' title='bbox 2967 783 3031 841; x_wconf 94' lang='lat' dir='ltr'>et</span> <span class='ocrx_word' id='word_1_30' title='bbox 3073 797 3271 862; x_wconf 84' lang='lat' dir='ltr'>prope</span> <span class='ocrx_word' id='word_1_31' title='bbox 3316 798 3637 845; x_wconf 90' lang='lat' dir='ltr'>murmure</span> <span class='ocrx_word' id='word_1_32' title='bbox 3684 798 3790 843; x_wconf 94' lang='lat' dir='ltr'>co-</span> 
     </span>
     <span class='ocr_line' id='line_1_8' title="bbox 538 877 3791 965; baseline 0 -20"><span class='ocrx_word' id='word_1_33' title='bbox 538 881 890 946; x_wconf 83' lang='lat' dir='ltr'><strong>hortantur.</strong></span> <span class='ocrx_word' id='word_1_34' title='bbox 986 881 1204 964; x_wconf 88' lang='lat' dir='ltr'>itaque</span> <span class='ocrx_word' id='word_1_35' title='bbox 1250 879 1520 959; x_wconf 80' lang='lat' dir='ltr'>faciam,</span> <span class='ocrx_word' id='word_1_36' title='bbox 1574 877 1830 961; x_wconf 89' lang='lat' dir='ltr'>quando</span> <span class='ocrx_word' id='word_1_37' title='bbox 1877 885 2112 961; x_wconf 92' lang='lat' dir='ltr'>cogunt</span> <span class='ocrx_word' id='word_1_38' title='bbox 2157 878 2506 943; x_wconf 88' lang='lat' dir='ltr'>volentem:</span> <span class='ocrx_word' id='word_1_39' title='bbox 2580 879 2695 944; x_wconf 90' lang='lat' dir='ltr'>sed</span> <span class='ocrx_word' id='word_1_40' title='bbox 2743 878 3093 945; x_wconf 90' lang='lat' dir='ltr'>maioribus</span> <span class='ocrx_word' id='word_1_41' title='bbox 3139 881 3456 965; x_wconf 90' lang='lat' dir='ltr'>separatis</span> <span class='ocrx_word' id='word_1_42' title='bbox 3502 881 3791 947; x_wconf 81' lang='lat' dir='ltr'>tenuiora</span> 
     </span>
     <span class='ocr_line' id='line_1_9' title="bbox 538 980 3789 1067; baseline 0 -18"><span class='ocrx_word' id='word_1_43' title='bbox 538 984 934 1065; x_wconf 90' lang='lat' dir='ltr'>memorabo,</span> <span class='ocrx_word' id='word_1_44' title='bbox 988 984 1168 1049; x_wconf 92' lang='lat' dir='ltr'>nulla</span> <span class='ocrx_word' id='word_1_45' title='bbox 1213 1003 1327 1067; x_wconf 92' lang='lat' dir='ltr'>spe</span> <span class='ocrx_word' id='word_1_46' title='bbox 1372 982 1457 1046; x_wconf 91' lang='lat' dir='ltr'>ad</span> <span class='ocrx_word' id='word_1_47' title='bbox 1502 982 1766 1065; x_wconf 89' lang='lat' dir='ltr'>plenum</span> <span class='ocrx_word' id='word_1_48' title='bbox 1811 980 2211 1062; x_wconf 81' lang='lat' dir='ltr'>exequendi,</span> <span class='ocrx_word' id='word_1_49' title='bbox 2271 980 2388 1045; x_wconf 90' lang='lat' dir='ltr'>sed</span> <span class='ocrx_word' id='word_1_50' title='bbox 2433 981 2716 1047; x_wconf 88' lang='lat' dir='ltr'>universi</span> <span class='ocrx_word' id='word_1_51' title='bbox 2762 990 2832 1048; x_wconf 90' lang='lat' dir='ltr'>ut</span> <span class='ocrx_word' id='word_1_52' title='bbox 2875 982 3263 1066; x_wconf 83' lang='lat' dir='ltr'>intellegant</span> <span class='ocrx_word' id='word_1_53' title='bbox 3306 1004 3558 1064; x_wconf 91' lang='lat' dir='ltr'>eorum,</span> <span class='ocrx_word' id='word_1_54' title='bbox 3624 1005 3789 1067; x_wconf 91' lang='lat' dir='ltr'>quae</span> 
     </span>
     <span class='ocr_line' id='line_1_10' title="bbox 537 1084 3790 1172; baseline 0 -20"><span class='ocrx_word' id='word_1_55' title='bbox 537 1089 603 1152; x_wconf 91' lang='lat' dir='ltr'>in</span> <span class='ocrx_word' id='word_1_56' title='bbox 645 1095 709 1153; x_wconf 93' lang='lat' dir='ltr'>te</span> <span class='ocrx_word' id='word_1_57' title='bbox 755 1086 1195 1172; x_wconf 88' lang='lat' dir='ltr'>praedicanda</span> <span class='ocrx_word' id='word_1_58' title='bbox 1240 1093 1409 1167; x_wconf 90' lang='lat' dir='ltr'>sunt,</span> <span class='ocrx_word' id='word_1_59' title='bbox 1461 1105 1502 1149; x_wconf 93' lang='lat' dir='ltr'>a</span> <span class='ocrx_word' id='word_1_60' title='bbox 1547 1105 1649 1149; x_wconf 95' lang='lat' dir='ltr'>me</span> <span class='ocrx_word' id='word_1_61' title='bbox 1694 1084 2081 1169; x_wconf 89' lang='lat' dir='ltr'>poscendam</span> <span class='ocrx_word' id='word_1_62' title='bbox 2127 1103 2271 1150; x_wconf 90' lang='lat' dir='ltr'>esse</span> <span class='ocrx_word' id='word_1_63' title='bbox 2317 1085 2625 1166; x_wconf 84' lang='lat' dir='ltr'>notitiam,</span> <span class='ocrx_word' id='word_1_64' title='bbox 2689 1086 2771 1150; x_wconf 89' lang='lat' dir='ltr'>ab</span> <span class='ocrx_word' id='word_1_65' title='bbox 2819 1085 2969 1152; x_wconf 90' lang='lat' dir='ltr'>aliis</span> <span class='ocrx_word' id='word_1_66' title='bbox 3016 1085 3417 1170; x_wconf 87' lang='lat' dir='ltr'>dignitatem.</span> <span class='ocrx_word' id='word_1_67' title='bbox 3512 1108 3632 1153; x_wconf 94' lang='lat' dir='ltr'>nec</span> <span class='ocrx_word' id='word_1_68' title='bbox 3675 1108 3790 1153; x_wconf 89' lang='lat' dir='ltr'>ex-</span> 
     </span>
     <span class='ocr_line' id='line_1_11' title="bbox 537 1188 1743 1271; baseline -0.002 -15"><span class='ocrx_word' id='word_1_69' title='bbox 537 1191 859 1271; x_wconf 89' lang='lat' dir='ltr'>cellentia,</span> <span class='ocrx_word' id='word_1_70' title='bbox 911 1190 1028 1256; x_wconf 87' lang='lat' dir='ltr'>sed</span> <span class='ocrx_word' id='word_1_71' title='bbox 1074 1188 1393 1255; x_wconf 90' lang='lat' dir='ltr'>cotidiana</span> <span class='ocrx_word' id='word_1_72' title='bbox 1436 1188 1743 1254; x_wconf 75' lang='lat' dir='ltr'>tractabo,</span> 
     </span>
    </p>

    <p class='ocr_par' dir='ltr' id='par_1_7' title="bbox 534 1290 3889 3342">
     <span class='ocr_line' id='line_1_12' title="bbox 709 1290 3792 1374; baseline 0.001 -16"><span class='ocrx_word' id='word_1_73' title='bbox 709 1294 927 1360; x_wconf 91' lang='lat' dir='ltr'>XIIII.</span> <span class='ocrx_word' id='word_1_74' title='bbox 981 1298 1087 1358; x_wconf 87' lang='lat'>63.</span> <span class='ocrx_word' id='word_1_75' title='bbox 1138 1293 1403 1358; x_wconf 90' lang='lat' dir='ltr'>Nullum</span> <span class='ocrx_word' id='word_1_76' title='bbox 1450 1295 1518 1357; x_wconf 91' lang='lat' dir='ltr'>tu</span> <span class='ocrx_word' id='word_1_77' title='bbox 1565 1312 1867 1374; x_wconf 90' lang='lat' dir='ltr'>umquam</span> <span class='ocrx_word' id='word_1_78' title='bbox 1913 1290 2085 1356; x_wconf 89' lang='lat' dir='ltr'>diem</span> <span class='ocrx_word' id='word_1_79' title='bbox 2131 1292 2213 1356; x_wconf 90' lang='lat' dir='ltr'>ab</span> <span class='ocrx_word' id='word_1_80' title='bbox 2261 1290 2703 1357; x_wconf 89' lang='lat' dir='ltr'>adulescentia</span> <span class='ocrx_word' id='word_1_81' title='bbox 2748 1299 2861 1357; x_wconf 92' lang='lat' dir='ltr'>tua</span> <span class='ocrx_word' id='word_1_82' title='bbox 2905 1292 3029 1357; x_wconf 91' lang='lat' dir='ltr'>nisi</span> <span class='ocrx_word' id='word_1_83' title='bbox 3074 1292 3338 1359; x_wconf 85' lang='lat' dir='ltr'>adorat-0</span> <span class='ocrx_word' id='word_1_84' title='bbox 3385 1295 3490 1361; x_wconf 92' lang='lat' dir='ltr'>dei</span> <span class='ocrx_word' id='word_1_85' title='bbox 3530 1295 3792 1362; x_wconf 91' lang='lat' dir='ltr'>numine</span> 
     </span>
     <span class='ocr_line' id='line_1_13' title="bbox 538 1395 3793 1481; baseline 0.001 -18"><span class='ocrx_word' id='word_1_86' title='bbox 538 1405 603 1463; x_wconf 92' lang='lat' dir='ltr'>et</span> <span class='ocrx_word' id='word_1_87' title='bbox 645 1417 794 1463; x_wconf 89' lang='lat' dir='ltr'>reus</span> <span class='ocrx_word' id='word_1_88' title='bbox 838 1397 969 1463; x_wconf 89' lang='lat' dir='ltr'>voti</span> <span class='ocrx_word' id='word_1_89' title='bbox 1016 1403 1080 1462; x_wconf 93' lang='lat' dir='ltr'>et</span> <span class='ocrx_word' id='word_1_90' title='bbox 1122 1395 1271 1462; x_wconf 86' lang='lat' dir='ltr'>ilico</span> <span class='ocrx_word' id='word_1_91' title='bbox 1316 1397 1650 1461; x_wconf 89' lang='lat' dir='ltr'>absolutus</span> <span class='ocrx_word' id='word_1_92' title='bbox 1697 1395 1923 1478; x_wconf 85' lang='lat' dir='ltr'>egisti,</span> <span class='ocrx_word' id='word_1_93' title='bbox 1988 1396 2186 1460; x_wconf 89' lang='lat' dir='ltr'>lautis</span> <span class='ocrx_word' id='word_1_94' title='bbox 2233 1396 2560 1477; x_wconf 90' lang='lat' dir='ltr'>manibus,</span> <span class='ocrx_word' id='word_1_95' title='bbox 2633 1402 2847 1462; x_wconf 92' lang='lat' dir='ltr'>mente</span> <span class='ocrx_word' id='word_1_96' title='bbox 2893 1418 3085 1481; x_wconf 91' lang='lat' dir='ltr'>pura,</span> <span class='ocrx_word' id='word_1_97' title='bbox 3152 1397 3596 1464; x_wconf 82' lang='lat' dir='ltr'>inmaculabili</span> <span class='ocrx_word' id='word_1_98' title='bbox 3641 1420 3793 1465; x_wconf 89' lang='lat' dir='ltr'>con-</span> 
     </span>
     <span class='ocr_line' id='line_1_14' title="bbox 537 1498 3792 1586; baseline 0 -20"><span class='ocrx_word' id='word_1_99' title='bbox 537 1501 809 1567; x_wconf 90' lang='lat' dir='ltr'>scientia</span> <span class='ocrx_word' id='word_1_100' title='bbox 853 1508 936 1581; x_wconf 90' lang='lat' dir='ltr'>et,</span> <span class='ocrx_word' id='word_1_101' title='bbox 989 1500 1160 1583; x_wconf 88' lang='lat' dir='ltr'>quod</span> <span class='ocrx_word' id='word_1_102' title='bbox 1203 1500 1268 1564; x_wconf 90' lang='lat' dir='ltr'>in</span> <span class='ocrx_word' id='word_1_103' title='bbox 1314 1499 1536 1584; x_wconf 80' lang='lat' dir='ltr'>paucis</span> <span class='ocrx_word' id='word_1_104' title='bbox 1569 1506 1685 1581; x_wconf 89' lang='lat' dir='ltr'>est,</span> <span class='ocrx_word' id='word_1_105' title='bbox 1740 1498 2125 1582; x_wconf 83' lang='lat' dir='ltr'>cogitatione</span> <span class='ocrx_word' id='word_1_106' title='bbox 2159 1498 2434 1564; x_wconf 89' lang='lat' dir='ltr'>sincera.</span> <span class='ocrx_word' id='word_1_107' title='bbox 2532 1504 2633 1564; x_wconf 91' lang='grc'>64.</span> <span class='ocrx_word' id='word_1_108' title='bbox 2689 1501 2870 1566; x_wconf 91' lang='lat' dir='ltr'>cuius</span> <span class='ocrx_word' id='word_1_109' title='bbox 2908 1506 3122 1565; x_wconf 89' lang='lat' dir='ltr'>autem</span> <span class='ocrx_word' id='word_1_110' title='bbox 3156 1522 3458 1584; x_wconf 89' lang='lat' dir='ltr'>umquam</span> <span class='ocrx_word' id='word_1_111' title='bbox 3490 1522 3792 1586; x_wconf 88' lang='lat' dir='ltr'>egressus</span> 
     </span>
     <span class='ocr_line' id='line_1_15' title="bbox 536 1601 3791 1689; baseline 0 -20"><span class='ocrx_word' id='word_1_112' title='bbox 536 1603 926 1689; x_wconf 86' lang='lat' dir='ltr'>auspicatior</span> <span class='ocrx_word' id='word_1_113' title='bbox 984 1604 1106 1669; x_wconf 88' lang='lat' dir='ltr'>fuit</span> <span class='ocrx_word' id='word_1_114' title='bbox 1163 1610 1275 1668; x_wconf 92' lang='lat' dir='ltr'>aut</span> <span class='ocrx_word' id='word_1_115' title='bbox 1327 1601 1619 1667; x_wconf 88' lang='lat' dir='ltr'>incessus</span> <span class='ocrx_word' id='word_1_116' title='bbox 1678 1602 2030 1667; x_wconf 87' lang='lat' dir='ltr'>modestior</span> <span class='ocrx_word' id='word_1_117' title='bbox 2082 1609 2193 1667; x_wconf 90' lang='lat' dir='ltr'>aut</span> <span class='ocrx_word' id='word_1_118' title='bbox 2238 1602 2546 1668; x_wconf 87' lang='lat' dir='ltr'>habitudo</span> <span class='ocrx_word' id='word_1_119' title='bbox 2593 1603 2927 1668; x_wconf 90' lang='lat' dir='ltr'>cohibitior</span> <span class='ocrx_word' id='word_1_120' title='bbox 2971 1611 3084 1669; x_wconf 91' lang='lat' dir='ltr'>aut</span> <span class='ocrx_word' id='word_1_121' title='bbox 3129 1604 3468 1670; x_wconf 89' lang='lat' dir='ltr'>familiaris</span> <span class='ocrx_word' id='word_1_122' title='bbox 3526 1606 3791 1671; x_wconf 89' lang='lat' dir='ltr'>habitus</span> 
     </span>
     <span class='ocr_line' id='line_1_16' title="bbox 539 1704 3796 1792; baseline 0 -19"><span class='ocrx_word' id='word_1_123' title='bbox 539 1707 985 1774; x_wconf 86' lang='lat' dir='ltr'>condecentior</span> <span class='ocrx_word' id='word_1_124' title='bbox 1029 1714 1141 1772; x_wconf 91' lang='lat' dir='ltr'>aut</span> <span class='ocrx_word' id='word_1_125' title='bbox 1182 1707 1482 1772; x_wconf 90' lang='lat' dir='ltr'>militaris</span> <span class='ocrx_word' id='word_1_126' title='bbox 1526 1705 1869 1771; x_wconf 89' lang='lat' dir='ltr'>accinctior</span> <span class='ocrx_word' id='word_1_127' title='bbox 1885 1712 1912 1768; x_wconf 68' lang='grc' dir='ltr'>ἶ)</span> <span class='ocrx_word' id='word_1_128' title='bbox 1961 1706 2029 1770; x_wconf 94' lang='lat' dir='ltr'>in</span> <span class='ocrx_word' id='word_1_129' title='bbox 2074 1704 2432 1771; x_wconf 89' lang='lat' dir='ltr'>exercendo</span> <span class='ocrx_word' id='word_1_130' title='bbox 2481 1727 2739 1791; x_wconf 88' lang='lat' dir='ltr'>corpore</span> <span class='ocrx_word' id='word_1_131' title='bbox 2785 1707 2931 1788; x_wconf 91' lang='lat' dir='ltr'>quis</span> <span class='ocrx_word' id='word_1_132' title='bbox 2978 1727 3231 1772; x_wconf 91' lang='lat' dir='ltr'>cursum</span> <span class='ocrx_word' id='word_1_133' title='bbox 3275 1715 3404 1773; x_wconf 90' lang='lat' dir='ltr'>tam</span> <span class='ocrx_word' id='word_1_134' title='bbox 3453 1709 3796 1792; x_wconf 87' lang='lat' dir='ltr'>perniciter</span> 
     </span>
     <span class='ocr_line' id='line_1_17' title="bbox 535 1807 3796 1896; baseline 0.001 -22"><span class='ocrx_word' id='word_1_135' title='bbox 535 1811 868 1877; x_wconf 62' lang='lat' dir='ltr'>incitavit?</span> <span class='ocrx_word' id='word_1_136' title='bbox 911 1811 1055 1895; x_wconf 92' lang='lat' dir='ltr'>quis</span> <span class='ocrx_word' id='word_1_137' title='bbox 1100 1811 1489 1894; x_wconf 86' lang='lat' dir='ltr'>palaestram</span> <span class='ocrx_word' id='word_1_138' title='bbox 1535 1815 1666 1875; x_wconf 88' lang='lat' dir='ltr'>tam</span> <span class='ocrx_word' id='word_1_139' title='bbox 1712 1807 1997 1874; x_wconf 88' lang='lat' dir='ltr'>lubricus</span> <span class='ocrx_word' id='word_1_140' title='bbox 2043 1808 2416 1893; x_wconf 71' lang='lat' dir='ltr'>expedivit?</span> <span class='ocrx_word' id='word_1_141' title='bbox 2462 1810 2607 1893; x_wconf 91' lang='lat' dir='ltr'>quis</span> <span class='ocrx_word' id='word_1_142' title='bbox 2655 1811 2891 1876; x_wconf 90' lang='lat' dir='ltr'>saltum</span> <span class='ocrx_word' id='word_1_143' title='bbox 2921 1810 2989 1875; x_wconf 91' lang='lat' dir='ltr'>in</span> <span class='ocrx_word' id='word_1_144' title='bbox 3019 1816 3152 1875; x_wconf 91' lang='lat' dir='ltr'>tam</span> <span class='ocrx_word' id='word_1_145' title='bbox 3186 1810 3459 1877; x_wconf 91' lang='lat' dir='ltr'>sublime</span> <span class='ocrx_word' id='word_1_146' title='bbox 3493 1812 3796 1896; x_wconf 68' lang='lat' dir='ltr'>collegit?</span> 
     </span>
     <span class='ocr_line' id='line_1_18' title="bbox 535 1912 3889 2007; baseline 0 -28"><span class='ocrx_word' id='word_1_147' title='bbox 535 1935 723 1980; x_wconf 91' lang='lat' dir='ltr'>nemo</span> <span class='ocrx_word' id='word_1_148' title='bbox 769 1913 1111 1980; x_wconf 88' lang='lat' dir='ltr'>adductius</span> <span class='ocrx_word' id='word_1_149' title='bbox 1157 1913 1372 1978; x_wconf 91' lang='lat' dir='ltr'>iacula</span> <span class='ocrx_word' id='word_1_150' title='bbox 1416 1912 1739 1992; x_wconf 90' lang='lat' dir='ltr'>contorsit,</span> <span class='ocrx_word' id='word_1_151' title='bbox 1791 1932 1978 1978; x_wconf 91' lang='lat' dir='ltr'>nemo</span> <span class='ocrx_word' id='word_1_152' title='bbox 2025 1912 2276 1997; x_wconf 91' lang='lat' dir='ltr'>spicula</span> <span class='ocrx_word' id='word_1_153' title='bbox 2323 1912 2607 1978; x_wconf 90' lang='lat' dir='ltr'>crebrius</span> <span class='ocrx_word' id='word_1_154' title='bbox 2651 1914 2803 1979; x_wconf 90' lang='lat' dir='ltr'>iecit</span> <span class='ocrx_word' id='word_1_155' title='bbox 2848 1920 2963 1979; x_wconf 89' lang='lat' dir='ltr'>aut</span> <span class='ocrx_word' id='word_1_156' title='bbox 3007 1914 3247 1980; x_wconf 89' lang='lat' dir='ltr'>certius</span> <span class='ocrx_word' id='word_1_157' title='bbox 3293 1915 3613 1981; x_wconf 86' lang='lat' dir='ltr'>destinata</span> <span class='ocrx_word' id='word_1_158' title='bbox 3644 1936 3793 2000; x_wconf 86' lang='lat' dir='ltr'>per-</span> <span class='ocrx_word' id='word_1_159' title='bbox 3872 1994 3889 2007; x_wconf 70' lang='lat'><em>,</em></span> 
     </span>
     <span class='ocr_line' id='line_1_19' title="bbox 536 2015 3795 2103; baseline 0.001 -20"><span class='ocrx_word' id='word_1_160' title='bbox 536 2018 757 2083; x_wconf 90' lang='lat' dir='ltr'>cussit.</span> <span class='ocrx_word' id='word_1_161' title='bbox 853 2022 959 2082; x_wconf 88' lang='lat'>65.</span> <span class='ocrx_word' id='word_1_162' title='bbox 1009 2017 1401 2081; x_wconf 88' lang='lat' dir='ltr'>mirabamur</span> <span class='ocrx_word' id='word_1_163' title='bbox 1444 2023 1721 2101; x_wconf 88' lang='lat' dir='ltr'>poetam,</span> <span class='ocrx_word' id='word_1_164' title='bbox 1777 2015 1886 2098; x_wconf 91' lang='lat' dir='ltr'>qui</span> <span class='ocrx_word' id='word_1_165' title='bbox 1931 2015 2217 2081; x_wconf 89' lang='lat' dir='ltr'>infrenos</span> <span class='ocrx_word' id='word_1_166' title='bbox 2266 2017 2519 2082; x_wconf 80' lang='lat' dir='ltr'>dixerat</span> <span class='ocrx_word' id='word_1_167' title='bbox 2546 2016 2886 2100; x_wconf 88' lang='lat' dir='ltr'>Numidas,</span> <span class='ocrx_word' id='word_1_168' title='bbox 2940 2024 3005 2083; x_wconf 90' lang='lat' dir='ltr'>et</span> <span class='ocrx_word' id='word_1_169' title='bbox 3049 2018 3343 2101; x_wconf 91' lang='lat' dir='ltr'>alterum,</span> <span class='ocrx_word' id='word_1_170' title='bbox 3398 2018 3506 2103; x_wconf 92' lang='lat' dir='ltr'>qui</span> <span class='ocrx_word' id='word_1_171' title='bbox 3537 2020 3630 2084; x_wconf 88' lang='lat' dir='ltr'>ita</span> <span class='ocrx_word' id='word_1_172' title='bbox 3662 2020 3795 2085; x_wconf 90' lang='lat' dir='ltr'>col-</span> 
     </span>
     <span class='ocr_line' id='line_1_20' title="bbox 536 2119 3786 2207; baseline 0 -20"><span class='ocrx_word' id='word_1_173' title='bbox 536 2122 805 2204; x_wconf 89' lang='lat' dir='ltr'>legerat,</span> <span class='ocrx_word' id='word_1_174' title='bbox 857 2128 927 2187; x_wconf 93' lang='lat' dir='ltr'>ut</span> <span class='ocrx_word' id='word_1_175' title='bbox 970 2120 1214 2186; x_wconf 81' lang='lat' dir='ltr'>diceret</span> <span class='ocrx_word' id='word_1_176' title='bbox 1257 2120 1321 2184; x_wconf 92' lang='lat' dir='ltr'>in</span> <span class='ocrx_word' id='word_1_177' title='bbox 1369 2119 1716 2202; x_wconf 89' lang='lat' dir='ltr'>equitando</span> <span class='ocrx_word' id='word_1_178' title='bbox 1763 2120 2033 2185; x_wconf 90' lang='lat' dir='ltr'>verbera</span> <span class='ocrx_word' id='word_1_179' title='bbox 2077 2127 2142 2185; x_wconf 90' lang='lat' dir='ltr'>et</span> <span class='ocrx_word' id='word_1_180' title='bbox 2185 2127 2532 2205; x_wconf 90' lang='lat' dir='ltr'>praecepta</span> <span class='ocrx_word' id='word_1_181' title='bbox 2577 2139 2723 2186; x_wconf 92' lang='lat' dir='ltr'>esse</span> <span class='ocrx_word' id='word_1_182' title='bbox 2770 2120 2965 2203; x_wconf 87' lang='lat' dir='ltr'>fugae</span> <span class='ocrx_word' id='word_1_183' title='bbox 3010 2128 3076 2186; x_wconf 92' lang='lat' dir='ltr'>et</span> <span class='ocrx_word' id='word_1_184' title='bbox 3112 2128 3462 2207; x_wconf 89' lang='lat' dir='ltr'>praecepta</span> <span class='ocrx_word' id='word_1_185' title='bbox 3492 2121 3786 2188; x_wconf 88' lang='lat' dir='ltr'>sistendi.</span> 
     </span>
     <span class='ocr_line' id='line_1_21' title="bbox 536 2222 3796 2307; baseline -0 -17"><span class='ocrx_word' id='word_1_186' title='bbox 536 2226 871 2290; x_wconf 88' lang='lat' dir='ltr'>obscurum</span> <span class='ocrx_word' id='word_1_187' title='bbox 929 2224 1049 2289; x_wconf 91' lang='lat' dir='ltr'>hoc</span> <span class='ocrx_word' id='word_1_188' title='bbox 1107 2222 1292 2288; x_wconf 89' lang='lat' dir='ltr'>nobis</span> <span class='ocrx_word' id='word_1_189' title='bbox 1351 2222 1716 2307; x_wconf 87' lang='lat' dir='ltr'>legentibus</span> <span class='ocrx_word' id='word_1_190' title='bbox 1777 2231 1935 2289; x_wconf 92' lang='lat' dir='ltr'>erat.</span> <span class='ocrx_word' id='word_1_191' title='bbox 2029 2222 2467 2289; x_wconf 81' lang='lat' dir='ltr'>intelleximus</span> <span class='ocrx_word' id='word_1_192' title='bbox 2512 2229 2577 2288; x_wconf 91' lang='lat' dir='ltr'>te</span> <span class='ocrx_word' id='word_1_193' title='bbox 2621 2222 2952 2305; x_wconf 89' lang='lat' dir='ltr'>videntes,</span> <span class='ocrx_word' id='word_1_194' title='bbox 3017 2244 3159 2289; x_wconf 91' lang='lat' dir='ltr'>cum</span> <span class='ocrx_word' id='word_1_195' title='bbox 3211 2224 3387 2290; x_wconf 91' lang='lat' dir='ltr'>idem</span> <span class='ocrx_word' id='word_1_196' title='bbox 3432 2245 3648 2290; x_wconf 89' lang='lat' dir='ltr'>arcum</span> <span class='ocrx_word' id='word_1_197' title='bbox 3693 2226 3796 2290; x_wconf 91' lang='lat' dir='ltr'>in-</span> 
     </span>
     <span class='ocr_line' id='line_1_22' title="bbox 536 2326 3795 2410; baseline 0 -17"><span class='ocrx_word' id='word_1_198' title='bbox 536 2328 835 2393; x_wconf 89' lang='lat' dir='ltr'>tenderes</span> <span class='ocrx_word' id='word_1_199' title='bbox 897 2335 961 2393; x_wconf 91' lang='lat' dir='ltr'>et</span> <span class='ocrx_word' id='word_1_200' title='bbox 1021 2328 1308 2392; x_wconf 87' lang='lat' dir='ltr'>habenas</span> <span class='ocrx_word' id='word_1_201' title='bbox 1367 2326 1723 2393; x_wconf 85' lang='lat' dir='ltr'>remitteres</span> <span class='ocrx_word' id='word_1_202' title='bbox 1776 2333 1888 2391; x_wconf 88' lang='lat' dir='ltr'>aut</span> <span class='ocrx_word' id='word_1_203' title='bbox 1932 2346 2161 2410; x_wconf 91' lang='lat' dir='ltr'>equum</span> <span class='ocrx_word' id='word_1_204' title='bbox 2211 2326 2476 2409; x_wconf 90' lang='lat' dir='ltr'>segnius</span> <span class='ocrx_word' id='word_1_205' title='bbox 2521 2334 2774 2391; x_wconf 90' lang='lat' dir='ltr'>euntem</span> <span class='ocrx_word' id='word_1_206' title='bbox 2821 2327 3087 2392; x_wconf 91' lang='lat' dir='ltr'>verbere</span> <span class='ocrx_word' id='word_1_207' title='bbox 3133 2327 3487 2394; x_wconf 90' lang='lat' dir='ltr'>concitares</span> <span class='ocrx_word' id='word_1_208' title='bbox 3533 2329 3637 2394; x_wconf 91' lang='lat' dir='ltr'>vel</span> <span class='ocrx_word' id='word_1_209' title='bbox 3684 2349 3795 2395; x_wconf 90' lang='lat' dir='ltr'>eo-</span> 
     </span>
     <span class='ocr_line' id='line_1_23' title="bbox 537 2429 3783 2515; baseline 0.001 -20"><span class='ocrx_word' id='word_1_210' title='bbox 537 2431 681 2496; x_wconf 92' lang='lat' dir='ltr'>dem</span> <span class='ocrx_word' id='word_1_211' title='bbox 728 2432 995 2497; x_wconf 90' lang='lat' dir='ltr'>verbere</span> <span class='ocrx_word' id='word_1_212' title='bbox 1040 2430 1596 2515; x_wconf 85' lang='lat' dir='ltr'>intemperantiam</span> <span class='ocrx_word' id='word_1_213' title='bbox 1644 2429 2037 2496; x_wconf 92' lang='lat' dir='ltr'>coherceres.</span> <span class='ocrx_word' id='word_1_214' title='bbox 2134 2430 2243 2512; x_wconf 91' lang='lat' dir='ltr'>qui</span> <span class='ocrx_word' id='word_1_215' title='bbox 2290 2437 2354 2495; x_wconf 93' lang='lat' dir='ltr'>te</span> <span class='ocrx_word' id='word_1_216' title='bbox 2401 2429 2524 2494; x_wconf 89' lang='lat' dir='ltr'>visi</span> <span class='ocrx_word' id='word_1_217' title='bbox 2575 2436 2723 2494; x_wconf 89' lang='lat' dir='ltr'>sunt</span> <span class='ocrx_word' id='word_1_218' title='bbox 2768 2430 2929 2495; x_wconf 90' lang='lat' dir='ltr'>haec</span> <span class='ocrx_word' id='word_1_219' title='bbox 2976 2429 3292 2511; x_wconf 91' lang='lat' dir='ltr'>docuisse,</span> <span class='ocrx_word' id='word_1_220' title='bbox 3346 2451 3473 2496; x_wconf 90' lang='lat' dir='ltr'>non</span> <span class='ocrx_word' id='word_1_221' title='bbox 3504 2431 3783 2497; x_wconf 88' lang='lat' dir='ltr'>faciunt:</span> 
     </span>
     <span class='ocr_line' id='line_1_24' title="bbox 534 2531 3793 2618; baseline 0.001 -20"><span class='ocrx_word' id='word_1_222' title='bbox 534 2534 726 2598; x_wconf 91' lang='lat' dir='ltr'>immo</span> <span class='ocrx_word' id='word_1_223' title='bbox 786 2533 896 2618; x_wconf 92' lang='lat' dir='ltr'>qui</span> <span class='ocrx_word' id='word_1_224' title='bbox 952 2533 1076 2599; x_wconf 89' lang='lat' dir='ltr'>visi</span> <span class='ocrx_word' id='word_1_225' title='bbox 1129 2540 1277 2599; x_wconf 91' lang='lat' dir='ltr'>sunt</span> <span class='ocrx_word' id='word_1_226' title='bbox 1329 2533 1659 2615; x_wconf 89' lang='lat' dir='ltr'>docuisse,</span> <span class='ocrx_word' id='word_1_227' title='bbox 1726 2553 1895 2598; x_wconf 92' lang='lat' dir='ltr'>nunc</span> <span class='ocrx_word' id='word_1_228' title='bbox 1938 2531 2215 2598; x_wconf 91' lang='lat' dir='ltr'>discunt.</span> <span class='ocrx_word' id='word_1_229' title='bbox 2313 2537 2418 2598; x_wconf 88' lang='lat'>66.</span> <span class='ocrx_word' id='word_1_230' title='bbox 2469 2532 2539 2599; x_wconf 91' lang='lat' dir='ltr'>in</span> <span class='ocrx_word' id='word_1_231' title='bbox 2584 2533 2743 2599; x_wconf 93' lang='lat' dir='ltr'>cibis</span> <span class='ocrx_word' id='word_1_232' title='bbox 2788 2539 3003 2598; x_wconf 92' lang='lat' dir='ltr'>autem</span> <span class='ocrx_word' id='word_1_233' title='bbox 3050 2534 3231 2599; x_wconf 91' lang='lat' dir='ltr'>cuius</span> <span class='ocrx_word' id='word_1_234' title='bbox 3279 2533 3630 2600; x_wconf 88' lang='lat' dir='ltr'>sacerdotis</span> <span class='ocrx_word' id='word_1_235' title='bbox 3675 2537 3793 2601; x_wconf 91' lang='lat' dir='ltr'>ab-</span> 
     </span>
     <span class='ocr_line' id='line_1_25' title="bbox 537 2624 3791 2720; baseline 0 -19"><span class='ocrx_word' id='word_1_236' title='bbox 537 2637 874 2703; x_wconf 91' lang='lat' dir='ltr'>stinentior</span> <span class='ocrx_word' id='word_1_237' title='bbox 917 2635 1351 2702; x_wconf 69' lang='lat' dir='ltr'>caerimonia?</span> <span class='ocrx_word' id='word_1_238' title='bbox 1422 2636 1488 2701; x_wconf 90' lang='lat' dir='ltr'>in</span> <span class='ocrx_word' id='word_1_239' title='bbox 1534 2636 1681 2701; x_wconf 91' lang='lat' dir='ltr'>vino</span> <span class='ocrx_word' id='word_1_240' title='bbox 1727 2636 1906 2702; x_wconf 89' lang='lat' dir='ltr'>cuius</span> <span class='ocrx_word' id='word_1_241' title='bbox 1954 2635 2128 2701; x_wconf 91' lang='lat' dir='ltr'>senis</span> <span class='ocrx_word' id='word_1_242' title='bbox 2173 2655 2398 2701; x_wconf 91' lang='lat' dir='ltr'>mensa</span> <span class='ocrx_word' id='word_1_243' title='bbox 2441 2635 2796 2720; x_wconf 65' lang='lat' dir='ltr'>frugalior?</span> <span class='ocrx_word' id='word_1_244' title='bbox 2868 2624 3088 2720; x_wconf 81' lang='lat' dir='ltr'>operto</span> <span class='ocrx_word' id='word_1_245' title='bbox 3150 2636 3475 2702; x_wconf 88' lang='lat' dir='ltr'>conclavis</span> <span class='ocrx_word' id='word_1_246' title='bbox 3531 2637 3624 2702; x_wconf 92' lang='lat' dir='ltr'>tui</span> <span class='ocrx_word' id='word_1_247' title='bbox 3666 2658 3791 2702; x_wconf 91' lang='lat' dir='ltr'>non</span> 
     </span>
     <span class='ocr_line' id='line_1_26' title="bbox 538 2738 3786 2825; baseline 0 -20"><span class='ocrx_word' id='word_1_248' title='bbox 538 2740 816 2806; x_wconf 87' lang='lat' dir='ltr'>sanctior</span> <span class='ocrx_word' id='word_1_249' title='bbox 859 2761 973 2805; x_wconf 89' lang='lat' dir='ltr'>ara</span> <span class='ocrx_word' id='word_1_250' title='bbox 1015 2740 1328 2821; x_wconf 87' lang='lat' dir='ltr'>Vestalis,</span> <span class='ocrx_word' id='word_1_251' title='bbox 1381 2760 1506 2805; x_wconf 94' lang='lat' dir='ltr'>non</span> <span class='ocrx_word' id='word_1_252' title='bbox 1551 2738 1871 2823; x_wconf 89' lang='lat' dir='ltr'>pontificis</span> <span class='ocrx_word' id='word_1_253' title='bbox 1917 2738 2128 2804; x_wconf 91' lang='lat' dir='ltr'>cubile</span> <span class='ocrx_word' id='word_1_254' title='bbox 2174 2739 2417 2805; x_wconf 84' lang='lat' dir='ltr'>castius</span> <span class='ocrx_word' id='word_1_255' title='bbox 2462 2760 2583 2805; x_wconf 91' lang='lat' dir='ltr'>nec</span> <span class='ocrx_word' id='word_1_256' title='bbox 2625 2738 2925 2824; x_wconf 90' lang='lat' dir='ltr'>pulvinar</span> <span class='ocrx_word' id='word_1_257' title='bbox 2968 2738 3246 2805; x_wconf 91' lang='lat' dir='ltr'>flaminis</span> <span class='ocrx_word' id='word_1_258' title='bbox 3291 2747 3423 2805; x_wconf 89' lang='lat' dir='ltr'>tam</span> <span class='ocrx_word' id='word_1_259' title='bbox 3460 2738 3786 2825; x_wconf 89' lang='lat' dir='ltr'>pudicum.</span> 
     </span>
     <span class='ocr_line' id='line_1_27' title="bbox 539 2842 3793 2926; baseline 0.001 -18"><span class='ocrx_word' id='word_1_260' title='bbox 539 2848 642 2908; x_wconf 90' lang='lat'>67.</span> <span class='ocrx_word' id='word_1_261' title='bbox 692 2843 760 2907; x_wconf 91' lang='lat' dir='ltr'>in</span> <span class='ocrx_word' id='word_1_262' title='bbox 805 2842 1033 2908; x_wconf 88' lang='lat' dir='ltr'>officiis</span> <span class='ocrx_word' id='word_1_263' title='bbox 1079 2843 1425 2908; x_wconf 90' lang='lat' dir='ltr'>amicorum</span> <span class='ocrx_word' id='word_1_264' title='bbox 1470 2863 1596 2908; x_wconf 90' lang='lat' dir='ltr'>non</span> <span class='ocrx_word' id='word_1_265' title='bbox 1644 2843 1786 2908; x_wconf 92' lang='lat' dir='ltr'>dico</span> <span class='ocrx_word' id='word_1_266' title='bbox 1832 2842 2014 2926; x_wconf 90' lang='lat' dir='ltr'>paria</span> <span class='ocrx_word' id='word_1_267' title='bbox 2057 2842 2310 2908; x_wconf 86' lang='lat' dir='ltr'>reddis:</span> <span class='ocrx_word' id='word_1_268' title='bbox 2380 2843 2715 2909; x_wconf 84' lang='lat' dir='ltr'>antevenis</span> <span class='ocrx_word' id='word_1_269' title='bbox 2761 2848 2857 2924; x_wconf 90' lang='lat' dir='ltr'>et,</span> <span class='ocrx_word' id='word_1_270' title='bbox 2926 2843 3221 2926; x_wconf 91' lang='lat' dir='ltr'>quotiens</span> <span class='ocrx_word' id='word_1_271' title='bbox 3265 2844 3331 2909; x_wconf 92' lang='lat' dir='ltr'>in</span> <span class='ocrx_word' id='word_1_272' title='bbox 3379 2844 3793 2926; x_wconf 89' lang='lat' dir='ltr'>obsequendo</span> 
     </span>
     <span class='ocr_line' id='line_1_28' title="bbox 536 2945 3796 3032; baseline 0.001 -21"><span class='ocrx_word' id='word_1_273' title='bbox 536 2946 1019 3032; x_wconf 91' lang='lat' dir='ltr'>praecedimus,</span> <span class='ocrx_word' id='word_1_274' title='bbox 1081 2946 1406 3012; x_wconf 90' lang='lat' dir='ltr'>erubescis</span> <span class='ocrx_word' id='word_1_275' title='bbox 1459 2945 1704 3031; x_wconf 90' lang='lat' dir='ltr'>pudore</span> <span class='ocrx_word' id='word_1_276' title='bbox 1749 2952 1880 3011; x_wconf 90' lang='lat' dir='ltr'>tam</span> <span class='ocrx_word' id='word_1_277' title='bbox 1928 2945 2233 3026; x_wconf 90' lang='lat' dir='ltr'>obnoxio,</span> <span class='ocrx_word' id='word_1_278' title='bbox 2299 2967 2495 3029; x_wconf 90' lang='lat' dir='ltr'>quam</span> <span class='ocrx_word' id='word_1_279' title='bbox 2541 2945 2608 3010; x_wconf 93' lang='lat' dir='ltr'>in</span> <span class='ocrx_word' id='word_1_280' title='bbox 2652 2945 2837 3011; x_wconf 93' lang='lat' dir='ltr'>nobis</span> <span class='ocrx_word' id='word_1_281' title='bbox 2883 2965 3028 3011; x_wconf 91' lang='lat' dir='ltr'>esse</span> <span class='ocrx_word' id='word_1_282' title='bbox 3075 2946 3341 3012; x_wconf 88' lang='lat' dir='ltr'>deberet</span> <span class='ocrx_word' id='word_1_283' title='bbox 3385 2947 3471 3012; x_wconf 89' lang='lat' dir='ltr'>ab</span> <span class='ocrx_word' id='word_1_284' title='bbox 3513 2947 3796 3032; x_wconf 89' lang='lat' dir='ltr'>impera-</span> 
     </span>
     <span class='ocr_line' id='line_1_29' title="bbox 536 3036 3786 3133; baseline 0 -18"><span class='ocrx_word' id='word_1_285' title='bbox 536 3057 670 3116; x_wconf 92' lang='lat' dir='ltr'>tore</span> <span class='ocrx_word' id='word_1_286' title='bbox 716 3049 1106 3133; x_wconf 88' lang='lat' dir='ltr'>praeventis.</span> <span class='ocrx_word' id='word_1_287' title='bbox 1197 3048 1265 3113; x_wconf 93' lang='lat' dir='ltr'>in</span> <span class='ocrx_word' id='word_1_288' title='bbox 1310 3048 1427 3113; x_wconf 91' lang='lat' dir='ltr'>illa</span> <span class='ocrx_word' id='word_1_289' title='bbox 1472 3068 1623 3114; x_wconf 89' lang='lat' dir='ltr'>vero</span> <span class='ocrx_word' id='word_1_290' title='bbox 1671 3048 1862 3129; x_wconf 90' lang='lat' dir='ltr'>sede,</span> <span class='ocrx_word' id='word_1_291' title='bbox 1927 3056 1999 3114; x_wconf 90' lang='lat' dir='ltr'>ut</span> <span class='ocrx_word' id='word_1_292' title='bbox 2042 3069 2122 3113; x_wconf 93' lang='lat' dir='ltr'>ex</span> <span class='ocrx_word' id='word_1_293' title='bbox 2168 3069 2343 3114; x_wconf 90' lang='lat' dir='ltr'>more</span> <span class='ocrx_word' id='word_1_294' title='bbox 2389 3047 2743 3132; x_wconf 90' lang='lat' dir='ltr'>loquimur,</span> <span class='ocrx_word' id='word_1_295' title='bbox 2813 3036 3206 3130; x_wconf 89' lang='lat' dir='ltr'>consistorii,</span> <span class='ocrx_word' id='word_1_296' title='bbox 3276 3056 3347 3115; x_wconf 94' lang='lat' dir='ltr'>ut</span> <span class='ocrx_word' id='word_1_297' title='bbox 3389 3069 3512 3131; x_wconf 89' lang='lat' dir='ltr'>ego</span> <span class='ocrx_word' id='word_1_298' title='bbox 3557 3049 3786 3132; x_wconf 90' lang='lat' dir='ltr'>sentio,</span> 
     </span>
     <span class='ocr_line' id='line_1_30' title="bbox 539 3151 3792 3238; baseline 0 -19"><span class='ocrx_word' id='word_1_299' title='bbox 539 3153 801 3219; x_wconf 89' lang='lat' dir='ltr'>sacrarii</span> <span class='ocrx_word' id='word_1_300' title='bbox 847 3152 972 3236; x_wconf 87' lang='lat' dir='ltr'>tui,</span> <span class='ocrx_word' id='word_1_301' title='bbox 1041 3153 1257 3217; x_wconf 90' lang='lat' dir='ltr'>nullus</span> <span class='ocrx_word' id='word_1_302' title='bbox 1316 3172 1617 3235; x_wconf 89' lang='lat' dir='ltr'>umquam</span> <span class='ocrx_word' id='word_1_303' title='bbox 1680 3151 2075 3238; x_wconf 88' lang='lat' dir='ltr'>superiorum</span> <span class='ocrx_word' id='word_1_304' title='bbox 2136 3159 2249 3219; x_wconf 90' lang='lat' dir='ltr'>aut</span> <span class='ocrx_word' id='word_1_305' title='bbox 2303 3152 2580 3217; x_wconf 88' lang='lat' dir='ltr'>dicenda</span> <span class='ocrx_word' id='word_1_306' title='bbox 2625 3151 2886 3238; x_wconf 91' lang='lat' dir='ltr'>pensius</span> <span class='ocrx_word' id='word_1_307' title='bbox 2933 3152 3242 3238; x_wconf 86' lang='lat' dir='ltr'>cogitavit</span> <span class='ocrx_word' id='word_1_308' title='bbox 3284 3159 3398 3219; x_wconf 86' lang='lat' dir='ltr'>aut</span> <span class='ocrx_word' id='word_1_309' title='bbox 3441 3153 3792 3221; x_wconf 89' lang='lat' dir='ltr'>consultius</span> 
     </span>
     <span class='ocr_line' id='line_1_31' title="bbox 539 3255 2453 3342; baseline -0.001 -19"><span class='ocrx_word' id='word_1_310' title='bbox 539 3257 822 3342; x_wconf 88' lang='lat' dir='ltr'>cogitata</span> <span class='ocrx_word' id='word_1_311' title='bbox 866 3255 1185 3341; x_wconf 89' lang='lat' dir='ltr'>disposuit</span> <span class='ocrx_word' id='word_1_312' title='bbox 1227 3263 1339 3321; x_wconf 89' lang='lat' dir='ltr'>aut</span> <span class='ocrx_word' id='word_1_313' title='bbox 1382 3255 1700 3340; x_wconf 90' lang='lat' dir='ltr'>disposita</span> <span class='ocrx_word' id='word_1_314' title='bbox 1743 3257 2055 3322; x_wconf 90' lang='lat' dir='ltr'>maturius</span> <span class='ocrx_word' id='word_1_315' title='bbox 2101 3256 2453 3342; x_wconf 83' lang='lat' dir='ltr'>expedivit.</span> 
     </span>
    </p>

    <p class='ocr_par' dir='ltr' id='par_1_8' title="bbox 536 3359 3797 4165">
     <span class='ocr_line' id='line_1_32' title="bbox 709 3359 3791 3444; baseline 0.001 -21"><span class='ocrx_word' id='word_1_316' title='bbox 709 3359 853 3424; x_wconf 90' lang='lat' dir='ltr'>XV.</span> <span class='ocrx_word' id='word_1_317' title='bbox 906 3361 1011 3424; x_wconf 90' lang='lat'>68.</span> <span class='ocrx_word' id='word_1_318' title='bbox 1061 3360 1145 3424; x_wconf 87' lang='lat' dir='ltr'>Et</span> <span class='ocrx_word' id='word_1_319' title='bbox 1187 3359 1406 3442; x_wconf 90' lang='lat' dir='ltr'>aliqua</span> <span class='ocrx_word' id='word_1_320' title='bbox 1452 3359 1535 3424; x_wconf 88' lang='lat' dir='ltr'>de</span> <span class='ocrx_word' id='word_1_321' title='bbox 1566 3359 1861 3425; x_wconf 89' lang='lat' dir='ltr'>oratoriis</span> <span class='ocrx_word' id='word_1_322' title='bbox 1893 3359 2235 3425; x_wconf 89' lang='lat' dir='ltr'>virtutibus</span> <span class='ocrx_word' id='word_1_323' title='bbox 2273 3360 2403 3425; x_wconf 90' lang='lat' dir='ltr'>tuis</span> <span class='ocrx_word' id='word_1_324' title='bbox 2436 3359 2735 3439; x_wconf 89' lang='lat' dir='ltr'>dicerem,</span> <span class='ocrx_word' id='word_1_325' title='bbox 2791 3359 2918 3424; x_wconf 91' lang='lat' dir='ltr'>nisi</span> <span class='ocrx_word' id='word_1_326' title='bbox 2948 3380 3203 3426; x_wconf 89' lang='lat' dir='ltr'>vererer</span> <span class='ocrx_word' id='word_1_327' title='bbox 3234 3360 3389 3425; x_wconf 90' lang='lat' dir='ltr'>mihi</span> <span class='ocrx_word' id='word_1_328' title='bbox 3419 3359 3791 3444; x_wconf 87' lang='lat' dir='ltr'>gratificari.</span> 
     </span>
     <span class='ocr_line' id='line_1_33' title="bbox 539 3461 3796 3546; baseline 0 -18"><span class='ocrx_word' id='word_1_329' title='bbox 539 3484 661 3528; x_wconf 92' lang='lat' dir='ltr'>non</span> <span class='ocrx_word' id='word_1_330' title='bbox 707 3462 877 3528; x_wconf 90' lang='lat' dir='ltr'>enim</span> <span class='ocrx_word' id='word_1_331' title='bbox 913 3462 1239 3546; x_wconf 82' lang='lat' dir='ltr'>Sulpicius</span> <span class='ocrx_word' id='word_1_332' title='bbox 1283 3462 1488 3529; x_wconf 88' lang='lat' dir='ltr'>acrior</span> <span class='ocrx_word' id='word_1_333' title='bbox 1531 3462 1597 3526; x_wconf 94' lang='lat' dir='ltr'>in</span> <span class='ocrx_word' id='word_1_334' title='bbox 1644 3461 2044 3528; x_wconf 90' lang='lat' dir='ltr'>contionibus</span> <span class='ocrx_word' id='word_1_335' title='bbox 2087 3483 2206 3527; x_wconf 92' lang='lat' dir='ltr'>nec</span> <span class='ocrx_word' id='word_1_336' title='bbox 2231 3463 2512 3534; x_wconf 4' lang='lat' dir='ltr'>,maioris</span> <span class='ocrx_word' id='word_1_337' title='bbox 2545 3461 2822 3528; x_wconf 84' lang='lat' dir='ltr'>Gracchi</span> <span class='ocrx_word' id='word_1_338' title='bbox 2867 3462 3437 3528; x_wconf 86' lang='lat' dir='ltr'>commendabilior</span> <span class='ocrx_word' id='word_1_339' title='bbox 3479 3464 3796 3529; x_wconf 89' lang='lat' dir='ltr'>modestia</span> 
     </span>
     <span class='ocr_line' id='line_1_34' title="bbox 538 3565 3794 3651; baseline 0.001 -21"><span class='ocrx_word' id='word_1_340' title='bbox 538 3566 659 3631; x_wconf 88' lang='lat' dir='ltr'>fuit</span> <span class='ocrx_word' id='word_1_341' title='bbox 700 3586 820 3631; x_wconf 92' lang='lat' dir='ltr'>nec</span> <span class='ocrx_word' id='word_1_342' title='bbox 867 3565 1068 3650; x_wconf 89' lang='lat' dir='ltr'>patris</span> <span class='ocrx_word' id='word_1_343' title='bbox 1114 3565 1207 3631; x_wconf 91' lang='lat' dir='ltr'>tui</span> <span class='ocrx_word' id='word_1_344' title='bbox 1252 3565 1509 3649; x_wconf 89' lang='lat' dir='ltr'>gravior</span> <span class='ocrx_word' id='word_1_345' title='bbox 1552 3565 1922 3632; x_wconf 88' lang='lat' dir='ltr'>auctoritas.</span> <span class='ocrx_word' id='word_1_346' title='bbox 2017 3566 2126 3649; x_wconf 92' lang='lat' dir='ltr'>qui</span> <span class='ocrx_word' id='word_1_347' title='bbox 2171 3572 2354 3631; x_wconf 90' lang='lat' dir='ltr'>tenor</span> <span class='ocrx_word' id='word_1_348' title='bbox 2397 3566 2608 3648; x_wconf 91' lang='lat' dir='ltr'>vocis,</span> <span class='ocrx_word' id='word_1_349' title='bbox 2664 3586 2806 3630; x_wconf 90' lang='lat' dir='ltr'>cum</span> <span class='ocrx_word' id='word_1_350' title='bbox 2851 3565 3118 3630; x_wconf 88' lang='lat' dir='ltr'>incitata</span> <span class='ocrx_word' id='word_1_351' title='bbox 3162 3566 3570 3650; x_wconf 82' lang='lat' dir='ltr'>pronuntias!</span> <span class='ocrx_word' id='word_1_352' title='bbox 3625 3588 3794 3651; x_wconf 89' lang='lat' dir='ltr'>quae</span> 
     </span>
     <span class='ocr_line' id='line_1_35' title="bbox 536 3667 3797 3754; baseline 0.001 -20"><span class='ocrx_word' id='word_1_353' title='bbox 536 3667 817 3751; x_wconf 87' lang='lat' dir='ltr'>inflexio,</span> <span class='ocrx_word' id='word_1_354' title='bbox 872 3689 1016 3735; x_wconf 89' lang='lat' dir='ltr'>cum</span> <span class='ocrx_word' id='word_1_355' title='bbox 1063 3669 1366 3734; x_wconf 72' lang='lat' dir='ltr'>remissa!</span> <span class='ocrx_word' id='word_1_356' title='bbox 1444 3690 1610 3753; x_wconf 91' lang='lat' dir='ltr'>quae</span> <span class='ocrx_word' id='word_1_357' title='bbox 1654 3670 2051 3754; x_wconf 89' lang='lat' dir='ltr'>temperatio,</span> <span class='ocrx_word' id='word_1_358' title='bbox 2109 3690 2253 3735; x_wconf 91' lang='lat' dir='ltr'>cum</span> <span class='ocrx_word' id='word_1_359' title='bbox 2300 3675 2567 3750; x_wconf 89' lang='lat' dir='ltr'>utraque</span> <span class='ocrx_word' id='word_1_360' title='bbox 2616 3668 2990 3754; x_wconf 87' lang='lat' dir='ltr'>dispensas!</span> <span class='ocrx_word' id='word_1_361' title='bbox 3070 3668 3218 3751; x_wconf 92' lang='lat' dir='ltr'>quis</span> <span class='ocrx_word' id='word_1_362' title='bbox 3261 3677 3578 3735; x_wconf 89' lang='lat' dir='ltr'>oratorum</span> <span class='ocrx_word' id='word_1_363' title='bbox 3625 3672 3797 3736; x_wconf 90' lang='lat' dir='ltr'>laeta</span> 
     </span>
     <span class='ocr_line' id='line_1_36' title="bbox 536 3769 3793 3856; baseline 0.001 -19"><span class='ocrx_word' id='word_1_364' title='bbox 536 3771 893 3851; x_wconf 88' lang='lat' dir='ltr'>iucundius,</span> <span class='ocrx_word' id='word_1_365' title='bbox 950 3771 1230 3837; x_wconf 87' lang='lat' dir='ltr'>facunda</span> <span class='ocrx_word' id='word_1_366' title='bbox 1277 3772 1530 3850; x_wconf 87' lang='lat' dir='ltr'>cultius,</span> <span class='ocrx_word' id='word_1_367' title='bbox 1584 3772 1942 3856; x_wconf 87' lang='lat' dir='ltr'>pugnantia</span> <span class='ocrx_word' id='word_1_368' title='bbox 1988 3770 2273 3853; x_wconf 90' lang='lat' dir='ltr'>densius,</span> <span class='ocrx_word' id='word_1_369' title='bbox 2330 3771 2600 3837; x_wconf 88' lang='lat' dir='ltr'>densata</span> <span class='ocrx_word' id='word_1_370' title='bbox 2631 3769 3050 3853; x_wconf 87' lang='lat' dir='ltr'>glomeratius</span> <span class='ocrx_word' id='word_1_371' title='bbox 3081 3778 3195 3837; x_wconf 88' lang='lat' dir='ltr'>aut</span> <span class='ocrx_word' id='word_1_372' title='bbox 3238 3770 3399 3837; x_wconf 90' lang='lat' dir='ltr'>dixit</span> <span class='ocrx_word' id='word_1_373' title='bbox 3437 3781 3569 3856; x_wconf 89' lang='lat' dir='ltr'>aut,</span> <span class='ocrx_word' id='word_1_374' title='bbox 3622 3775 3793 3856; x_wconf 90' lang='lat' dir='ltr'>quod</span> 
     </span>
     <span class='ocr_line' id='line_1_37' title="bbox 540 3874 3791 3960; baseline 0.001 -21"><span class='ocrx_word' id='word_1_375' title='bbox 540 3881 638 3939; x_wconf 89' lang='lat' dir='ltr'>est</span> <span class='ocrx_word' id='word_1_376' title='bbox 681 3874 966 3957; x_wconf 88' lang='lat' dir='ltr'>liberius,</span> <span class='ocrx_word' id='word_1_377' title='bbox 1019 3874 1369 3957; x_wconf 70' lang='lat' dir='ltr'>cogitavit?</span> <span class='ocrx_word' id='word_1_378' title='bbox 1458 3879 1561 3939; x_wconf 86' lang='lat'>69.</span> <span class='ocrx_word' id='word_1_379' title='bbox 1615 3875 1882 3956; x_wconf 92' lang='lat' dir='ltr'>vellem,</span> <span class='ocrx_word' id='word_1_380' title='bbox 1954 3875 2011 3939; x_wconf 92' lang='lat' dir='ltr'>si</span> <span class='ocrx_word' id='word_1_381' title='bbox 2055 3895 2267 3940; x_wconf 93' lang='lat' dir='ltr'>rerum</span> <span class='ocrx_word' id='word_1_382' title='bbox 2311 3880 2541 3939; x_wconf 89' lang='lat' dir='ltr'>natura</span> <span class='ocrx_word' id='word_1_383' title='bbox 2586 3880 2945 3957; x_wconf 89' lang='lat' dir='ltr'>pateretur,</span> <span class='ocrx_word' id='word_1_384' title='bbox 3016 3876 3380 3960; x_wconf 90' lang='lat' dir='ltr'>Xenophon</span> <span class='ocrx_word' id='word_1_385' title='bbox 3427 3876 3671 3958; x_wconf 86' lang='lat' dir='ltr'>Attice,</span> <span class='ocrx_word' id='word_1_386' title='bbox 3723 3877 3791 3941; x_wconf 90' lang='lat' dir='ltr'>in</span> 
     </span>
     <span class='ocr_line' id='line_1_38' title="bbox 540 3977 3795 4065; baseline 0.001 -23"><span class='ocrx_word' id='word_1_387' title='bbox 540 3998 768 4044; x_wconf 91' lang='lat' dir='ltr'>aevum</span> <span class='ocrx_word' id='word_1_388' title='bbox 813 3985 1096 4043; x_wconf 89' lang='lat' dir='ltr'>nostrum</span> <span class='ocrx_word' id='word_1_389' title='bbox 1142 3977 1430 4058; x_wconf 79' lang='lat' dir='ltr'>venireS,</span> <span class='ocrx_word' id='word_1_390' title='bbox 1498 3984 1566 4043; x_wconf 92' lang='lat' dir='ltr'>tu</span> <span class='ocrx_word' id='word_1_391' title='bbox 1629 3977 1737 4061; x_wconf 91' lang='lat' dir='ltr'>qui</span> <span class='ocrx_word' id='word_1_392' title='bbox 1799 3978 1882 4043; x_wconf 89' lang='lat' dir='ltr'>ad</span> <span class='ocrx_word' id='word_1_393' title='bbox 1930 3977 2083 4062; x_wconf 85' lang='lat' dir='ltr'>Cyri</span> <span class='ocrx_word' id='word_1_394' title='bbox 2144 3977 2413 4043; x_wconf 89' lang='lat' dir='ltr'>virtutes</span> <span class='ocrx_word' id='word_1_395' title='bbox 2474 3977 2890 4061; x_wconf 88' lang='lat' dir='ltr'>exequendas</span> <span class='ocrx_word' id='word_1_396' title='bbox 2936 3986 3152 4044; x_wconf 91' lang='lat' dir='ltr'>votum</span> <span class='ocrx_word' id='word_1_397' title='bbox 3198 3980 3409 4065; x_wconf 89' lang='lat' dir='ltr'>potius</span> <span class='ocrx_word' id='word_1_398' title='bbox 3456 4000 3649 4062; x_wconf 90' lang='lat' dir='ltr'>quam</span> <span class='ocrx_word' id='word_1_399' title='bbox 3694 3980 3795 4044; x_wconf 83' lang='lat' dir='ltr'>hi·-</span> 
     </span>
     <span class='ocr_line' id='line_1_39' title="bbox 541 4080 3796 4165; baseline 0.001 -19"><span class='ocrx_word' id='word_1_400' title='bbox 541 4081 797 4146; x_wconf 91' lang='lat' dir='ltr'>storiam</span> <span class='ocrx_word' id='word_1_401' title='bbox 845 4080 1283 4162; x_wconf 88' lang='lat' dir='ltr'>commodasti,</span> <span class='ocrx_word' id='word_1_402' title='bbox 1338 4101 1480 4147; x_wconf 93' lang='lat' dir='ltr'>cum</span> <span class='ocrx_word' id='word_1_403' title='bbox 1529 4081 1797 4164; x_wconf 78' lang='lat' dir='ltr'>dicereS,</span> <span class='ocrx_word' id='word_1_404' title='bbox 1854 4102 1979 4147; x_wconf 91' lang='lat' dir='ltr'>nou</span> <span class='ocrx_word' id='word_1_405' title='bbox 2025 4081 2237 4165; x_wconf 90' lang='lat' dir='ltr'>qualis</span> <span class='ocrx_word' id='word_1_406' title='bbox 2281 4087 2472 4162; x_wconf 91' lang='lat' dir='ltr'>esset,</span> <span class='ocrx_word' id='word_1_407' title='bbox 2538 4081 2654 4147; x_wconf 90' lang='lat' dir='ltr'>sed</span> <span class='ocrx_word' id='word_1_408' title='bbox 2699 4081 2908 4164; x_wconf 84' lang='lat' dir='ltr'>qualis</span> <span class='ocrx_word' id='word_1_409' title='bbox 2954 4101 3099 4148; x_wconf 88' lang='lat' dir='ltr'>esse</span> <span class='ocrx_word' id='word_1_410' title='bbox 3146 4084 3432 4149; x_wconf 89' lang='lat' dir='ltr'>deberet.</span> <span class='ocrx_word' id='word_1_411' title='bbox 3526 4083 3580 4148; x_wconf 91' lang='lat' dir='ltr'>si</span> <span class='ocrx_word' id='word_1_412' title='bbox 3626 4104 3796 4149; x_wconf 90' lang='lat' dir='ltr'>nunc</span> 
     </span>
    </p>
   </div>
   <div class='ocr_carea' id='block_1_7' title="bbox 547 4392 3795 4629">
    <p class='ocr_par' dir='ltr' id='par_1_9' title="bbox 547 4392 3795 4629">
     <span class='ocr_line' id='line_1_40' title="bbox 711 4392 2072 4456; baseline -0.002 -13"><span class='ocrx_word' id='word_1_413' title='bbox 711 4395 881 4443; x_wconf 81' lang='lat' dir='ltr'>xlm.</span> <span class='ocrx_word' id='word_1_414' title='bbox 925 4392 956 4442; x_wconf 86' lang='lat'>8</span> <span class='ocrx_word' id='word_1_415' title='bbox 993 4395 1139 4456; x_wconf 78' lang='lat' dir='ltr'>Verg.</span> <span class='ocrx_word' id='word_1_416' title='bbox 1181 4395 1312 4442; x_wconf 82' lang='lat' dir='ltr'>Aen.</span> <span class='ocrx_word' id='word_1_417' title='bbox 1353 4396 1455 4443; x_wconf 91' lang='lat'>1111</span> <span class='ocrx_word' id='word_1_418' title='bbox 1493 4393 1554 4443; x_wconf 80' lang='grc'>41</span> <span class='ocrx_word' id='word_1_419' title='bbox 1597 4395 1843 4442; x_wconf 72' lang='lat' dir='ltr'>Numidae</span> <span class='ocrx_word' id='word_1_420' title='bbox 1879 4394 2072 4441; x_wconf 81' lang='lat' dir='ltr'>infreni</span> 
     </span>
     <span class='ocr_line' id='line_1_41' title="bbox 713 4479 3795 4542; baseline 0.001 -14"><span class='ocrx_word' id='word_1_421' title='bbox 713 4481 828 4528; x_wconf 87' lang='lat' dir='ltr'>XV.</span> <span class='ocrx_word' id='word_1_422' title='bbox 869 4481 899 4529; x_wconf 83' lang='lat'>2</span> <span class='ocrx_word' id='word_1_423' title='bbox 941 4479 1042 4528; x_wconf 89' lang='lat' dir='ltr'>Cic.</span> <span class='ocrx_word' id='word_1_424' title='bbox 1087 4482 1153 4529; x_wconf 90' lang='lat' dir='ltr'>de</span> <span class='ocrx_word' id='word_1_425' title='bbox 1191 4496 1258 4531; x_wconf 92' lang='lat' dir='ltr'>or.</span> <span class='ocrx_word' id='word_1_426' title='bbox 1301 4482 1348 4529; x_wconf 92' lang='lat'>11</span> <span class='ocrx_word' id='word_1_427' title='bbox 1388 4480 1472 4542; x_wconf 84' lang='lat'>21,</span> <span class='ocrx_word' id='word_1_428' title='bbox 1517 4480 1582 4530; x_wconf 82' lang='lat'>88</span> <span class='ocrx_word' id='word_1_429' title='bbox 1620 4482 1843 4528; x_wconf 78' lang='lat' dir='ltr'>oratione</span> <span class='ocrx_word' id='word_1_430' title='bbox 1871 4515 1884 4529; x_wconf 93' lang='lat'>.</span> <span class='ocrx_word' id='word_1_431' title='bbox 1921 4518 1932 4530; x_wconf 93' lang='lat'>.</span> <span class='ocrx_word' id='word_1_432' title='bbox 1967 4517 1978 4529; x_wconf 92' lang='lat'>.</span> <span class='ocrx_word' id='word_1_433' title='bbox 2010 4481 2161 4528; x_wconf 88' lang='lat' dir='ltr'>celeri</span> <span class='ocrx_word' id='word_1_434' title='bbox 2187 4487 2240 4528; x_wconf 90' lang='lat' dir='ltr'>et</span> <span class='ocrx_word' id='word_1_435' title='bbox 2263 4481 2508 4528; x_wconf 83' lang='lat' dir='ltr'>concitata</span> <span class='ocrx_word' id='word_1_436' title='bbox 2539 4517 2550 4527; x_wconf 96' lang='lat'>.</span> <span class='ocrx_word' id='word_1_437' title='bbox 2581 4514 2595 4527; x_wconf 91' lang='lat'>.</span> <span class='ocrx_word' id='word_1_438' title='bbox 2629 4515 2640 4528; x_wconf 96' lang='lat'>.</span> <span class='ocrx_word' id='word_1_439' title='bbox 2672 4481 2837 4528; x_wconf 81' lang='lat' dir='ltr'>verbis</span> <span class='ocrx_word' id='word_1_440' title='bbox 2862 4481 3308 4528; x_wconf 78' lang='lat' dir='ltr'>effervescentibus</span> <span class='ocrx_word' id='word_1_441' title='bbox 3518 4481 3548 4530; x_wconf 84' lang='lat'>7</span> <span class='ocrx_word' id='word_1_442' title='bbox 3587 4481 3691 4529; x_wconf 86' lang='lat' dir='ltr'>Cic.</span> <span class='ocrx_word' id='word_1_443' title='bbox 3734 4482 3795 4530; x_wconf 78' lang='lat' dir='ltr'>ad</span> 
     </span>
     <span class='ocr_line' id='line_1_42' title="bbox 547 4565 3531 4629; baseline -0.001 -14"><span class='ocrx_word' id='word_1_444' title='bbox 547 4566 605 4624; x_wconf 88' lang='lat' dir='ltr'>Q.</span> <span class='ocrx_word' id='word_1_445' title='bbox 649 4566 701 4615; x_wconf 73' lang='lat' dir='ltr'>F.</span> <span class='ocrx_word' id='word_1_446' title='bbox 743 4568 765 4615; x_wconf 94' lang='lat'>1</span> <span class='ocrx_word' id='word_1_447' title='bbox 808 4565 853 4628; x_wconf 85' lang='lat'>1,</span> <span class='ocrx_word' id='word_1_448' title='bbox 896 4565 927 4615; x_wconf 87' lang='lat'>8</span> <span class='ocrx_word' id='word_1_449' title='bbox 967 4565 1128 4625; x_wconf 84' lang='lat' dir='ltr'>Cyrus</span> <span class='ocrx_word' id='word_1_450' title='bbox 1165 4567 1251 4614; x_wconf 83' lang='lat' dir='ltr'>ille</span> <span class='ocrx_word' id='word_1_451' title='bbox 1288 4583 1316 4614; x_wconf 78' lang='lat' dir='ltr'>a</span> <span class='ocrx_word' id='word_1_452' title='bbox 1352 4566 1686 4629; x_wconf 83' lang='lat' dir='ltr'>Xenophonte</span> <span class='ocrx_word' id='word_1_453' title='bbox 1723 4580 1822 4614; x_wconf 86' lang='lat' dir='ltr'>non</span> <span class='ocrx_word' id='word_1_454' title='bbox 1857 4567 1919 4614; x_wconf 79' lang='lat' dir='ltr'>ad</span> <span class='ocrx_word' id='word_1_455' title='bbox 1956 4567 2191 4616; x_wconf 76' lang='lat' dir='ltr'>historiae</span> <span class='ocrx_word' id='word_1_456' title='bbox 2228 4566 2377 4613; x_wconf 84' lang='lat' dir='ltr'>fidem</span> <span class='ocrx_word' id='word_1_457' title='bbox 2417 4567 2651 4627; x_wconf 82' lang='lat' dir='ltr'>scriptus,</span> <span class='ocrx_word' id='word_1_458' title='bbox 2695 4566 2781 4613; x_wconf 90' lang='lat' dir='ltr'>sed</span> <span class='ocrx_word' id='word_1_459' title='bbox 2817 4566 2879 4613; x_wconf 82' lang='lat' dir='ltr'>ad</span> <span class='ocrx_word' id='word_1_460' title='bbox 2917 4567 3133 4625; x_wconf 79' lang='lat' dir='ltr'>effigiem</span> <span class='ocrx_word' id='word_1_461' title='bbox 3171 4566 3295 4614; x_wconf 88' lang='lat' dir='ltr'>iusti</span> <span class='ocrx_word' id='word_1_462' title='bbox 3333 4567 3531 4627; x_wconf 85' lang='lat' dir='ltr'>imperii</span> 
     </span>
    </p>
   </div>
   <div class='ocr_carea' id='block_1_8' title="bbox 536 4832 3797 5851">
    <p class='ocr_par' dir='ltr' id='par_1_10' title="bbox 543 4832 3797 5009">
     <span class='ocr_line' id='line_1_43' title="bbox 721 4832 3797 4923; baseline -0 -18"><span class='ocrx_word' id='word_1_463' title='bbox 721 4856 780 4906; x_wconf 84' lang='lat'>16</span> <span class='ocrx_word' id='word_1_464' title='bbox 819 4863 1024 4907; x_wconf 79' lang='lat' dir='ltr'>tenuora</span> <span class='ocrx_word' id='word_1_465' title='bbox 1063 4856 1118 4904; x_wconf 88' lang='lat' dir='ltr'><em>M</em></span> <span class='ocrx_word' id='word_1_466' title='bbox 1354 4856 1416 4906; x_wconf 86' lang='lat'>18</span> <span class='ocrx_word' id='word_1_467' title='bbox 1455 4859 1507 4905; x_wconf 92' lang='lat' dir='ltr'>in</span> <span class='ocrx_word' id='word_1_468' title='bbox 1547 4863 1597 4906; x_wconf 84' lang='lat' dir='ltr'>te</span> <span class='ocrx_word' id='word_1_469' title='bbox 1631 4856 1740 4923; x_wconf 68' lang='lat'>12²²,</span> <span class='ocrx_word' id='word_1_470' title='bbox 1786 4859 1919 4905; x_wconf 87' lang='lat' dir='ltr'>iuter</span> <span class='ocrx_word' id='word_1_471' title='bbox 1960 4855 2168 4919; x_wconf 74' lang='lat' dir='ltr'>TMkp‘2,</span> <span class='ocrx_word' id='word_1_472' title='bbox 2211 4832 2421 4905; x_wconf 56' lang='lat' dir='ltr'>interim</span> <span class='ocrx_word' id='word_1_473' title='bbox 2454 4872 2488 4917; x_wconf 83' lang='lat' dir='ltr'>p</span> <span class='ocrx_word' id='word_1_474' title='bbox 2533 4857 2631 4916; x_wconf 76' lang='lat' dir='ltr'>(ius</span> <span class='ocrx_word' id='word_1_475' title='bbox 2668 4854 2781 4917; x_wconf 73' lang='lat' dir='ltr'>m2),</span> <span class='ocrx_word' id='word_1_476' title='bbox 2821 4858 2961 4902; x_wconf 84' lang='lat' dir='ltr'>intus</span> <span class='ocrx_word' id='word_1_477' title='bbox 2998 4852 3123 4904; x_wconf 77' lang='lat' dir='ltr'>h²eE</span> <span class='ocrx_word' id='word_1_478' title='bbox 3154 4857 3295 4915; x_wconf 70' lang='lat' dir='ltr'>volqo</span> <span class='ocrx_word' id='word_1_479' title='bbox 3530 4856 3591 4904; x_wconf 82' lang='lat'>19</span> <span class='ocrx_word' id='word_1_480' title='bbox 3629 4859 3797 4918; x_wconf 85' lang='lat' dir='ltr'>quoti-</span> 
     </span>
     <span class='ocr_line' id='line_1_44' title="bbox 543 4941 1005 5009; baseline 0 -18"><span class='ocrx_word' id='word_1_481' title='bbox 543 4943 691 4992; x_wconf 74' lang='lat' dir='ltr'>diana</span> <span class='ocrx_word' id='word_1_482' title='bbox 735 4941 1005 5009; x_wconf 68' lang='grc' dir='ltr'>ΤρρῖχὴῖΕ</span> 
     </span>
    </p>

    <p class='ocr_par' dir='ltr' id='par_1_11' title="bbox 538 5037 3796 5465">
     <span class='ocr_line' id='line_1_45' title="bbox 716 5037 3796 5090; baseline -0.001 -2"><span class='ocrx_word' id='word_1_483' title='bbox 716 5041 886 5090; x_wconf 78' lang='lat' dir='ltr'>xnll.</span> <span class='ocrx_word' id='word_1_484' title='bbox 936 5040 956 5089; x_wconf 87' lang='lat'>1</span> <span class='ocrx_word' id='word_1_485' title='bbox 1001 5041 1338 5088; x_wconf 76' lang='lat' dir='ltr'>adolescentia</span> <span class='ocrx_word' id='word_1_486' title='bbox 1366 5056 1406 5088; x_wconf 90' lang='grc' dir='ltr'>ω</span> <span class='ocrx_word' id='word_1_487' title='bbox 1621 5039 1649 5088; x_wconf 88' lang='grc'><strong>2</strong></span> <span class='ocrx_word' id='word_1_488' title='bbox 1686 5042 1822 5088; x_wconf 83' lang='lat' dir='ltr'>illico</span> <span class='ocrx_word' id='word_1_489' title='bbox 1849 5055 1889 5087; x_wconf 90' lang='grc' dir='ltr'>ω</span> <span class='ocrx_word' id='word_1_490' title='bbox 2103 5039 2466 5086; x_wconf 83' lang='lat' dir='ltr'>immaculabili</span> <span class='ocrx_word' id='word_1_491' title='bbox 2497 5040 2537 5086; x_wconf 87' lang='grc' dir='ltr'><strong><em>Τ</em></strong></span> <span class='ocrx_word' id='word_1_492' title='bbox 2749 5037 2780 5086; x_wconf 82' lang='grc'>4</span> <span class='ocrx_word' id='word_1_493' title='bbox 2817 5038 3020 5085; x_wconf 85' lang='lat' dir='ltr'>habitus</span> <span class='ocrx_word' id='word_1_494' title='bbox 3057 5038 3320 5085; x_wconf 74' lang='lat' dir='ltr'>familiaris</span> <span class='ocrx_word' id='word_1_495' title='bbox 3349 5037 3402 5084; x_wconf 98' lang='lat' dir='ltr'><em>M</em></span> <span class='ocrx_word' id='word_1_496' title='bbox 3608 5037 3639 5086; x_wconf 88' lang='grc'><strong>5</strong></span> <span class='ocrx_word' id='word_1_497' title='bbox 3676 5051 3796 5086; x_wconf 86' lang='lat' dir='ltr'>con-</span> 
     </span>
     <span class='ocr_line' id='line_1_46' title="bbox 539 5121 3787 5188; baseline -0 -15"><span class='ocrx_word' id='word_1_498' title='bbox 539 5127 795 5175; x_wconf 85' lang='lat' dir='ltr'>decentior</span> <span class='ocrx_word' id='word_1_499' title='bbox 841 5125 1109 5188; x_wconf 66' lang='grc' dir='ltr'><em>ΤΙερῖΙιῖεΕ,</em></span> <span class='ocrx_word' id='word_1_500' title='bbox 1160 5127 1413 5175; x_wconf 86' lang='lat' dir='ltr'>decentior</span> <span class='ocrx_word' id='word_1_501' title='bbox 1447 5131 1537 5176; x_wconf 78' lang='lat' dir='ltr'>cet.</span> <span class='ocrx_word' id='word_1_502' title='bbox 1752 5127 1782 5174; x_wconf 83' lang='lat'>6</span> <span class='ocrx_word' id='word_1_503' title='bbox 1820 5126 2167 5187; x_wconf 84' lang='lat' dir='ltr'>expediuntur</span> <span class='ocrx_word' id='word_1_504' title='bbox 2210 5124 2262 5170; x_wconf 90' lang='lat' dir='ltr'><em>M</em></span> <span class='ocrx_word' id='word_1_505' title='bbox 2470 5126 2731 5184; x_wconf 83' lang='lat' dir='ltr'>collegitur</span> <span class='ocrx_word' id='word_1_506' title='bbox 2769 5124 2826 5170; x_wconf 86' lang='lat' dir='ltr'><em>M</em></span> <span class='ocrx_word' id='word_1_507' title='bbox 3031 5121 3063 5172; x_wconf 83' lang='lat'>8</span> <span class='ocrx_word' id='word_1_508' title='bbox 3099 5124 3320 5172; x_wconf 76' lang='lat' dir='ltr'>infrenes</span> <span class='ocrx_word' id='word_1_509' title='bbox 3359 5121 3416 5168; x_wconf 89' lang='grc' dir='ltr'><em>Μ</em></span> <span class='ocrx_word' id='word_1_510' title='bbox 3454 5123 3617 5185; x_wconf 69' lang='lat' dir='ltr'>(Vm-9.</span> <span class='ocrx_word' id='word_1_511' title='bbox 3665 5123 3787 5172; x_wconf 73' lang='lat' dir='ltr'>Aen.</span> 
     </span>
     <span class='ocr_line' id='line_1_47' title="bbox 540 5203 3726 5273; baseline -0.002 -13"><span class='ocrx_word' id='word_1_512' title='bbox 540 5214 585 5260; x_wconf 81' lang='grc' dir='ltr'><em>Χ</em></span> <span class='ocrx_word' id='word_1_513' title='bbox 623 5212 738 5273; x_wconf 80' lang='lat'>750)</span> <span class='ocrx_word' id='word_1_514' title='bbox 962 5212 1015 5262; x_wconf 88' lang='lat'>11</span> <span class='ocrx_word' id='word_1_515' title='bbox 1059 5203 1266 5273; x_wconf 70' lang='lat' dir='ltr'>segiiius</span> <span class='ocrx_word' id='word_1_516' title='bbox 1298 5214 1340 5259; x_wconf 98' lang='lat' dir='ltr'><em>T</em></span> <span class='ocrx_word' id='word_1_517' title='bbox 1552 5213 1612 5261; x_wconf 85' lang='lat'>12</span> <span class='ocrx_word' id='word_1_518' title='bbox 1649 5212 2106 5273; x_wconf 74' lang='lat' dir='ltr'>imtempcrsutiam</span> <span class='ocrx_word' id='word_1_519' title='bbox 2149 5211 2190 5256; x_wconf 89' lang='lat' dir='ltr'><em>T</em></span> <span class='ocrx_word' id='word_1_520' title='bbox 2232 5211 2375 5270; x_wconf 82' lang='lat' dir='ltr'>(corr.</span> <span class='ocrx_word' id='word_1_521' title='bbox 2416 5209 2505 5271; x_wconf 75' lang='grc' dir='ltr'>ηιί)</span> <span class='ocrx_word' id='word_1_522' title='bbox 2720 5209 2839 5258; x_wconf 86' lang='lat' dir='ltr'>haec</span> <span class='ocrx_word' id='word_1_523' title='bbox 2880 5208 2945 5270; x_wconf 85' lang='lat' dir='ltr'>M,</span> <span class='ocrx_word' id='word_1_524' title='bbox 2989 5223 3084 5256; x_wconf 83' lang='lat' dir='ltr'>om.</span> <span class='ocrx_word' id='word_1_525' title='bbox 3125 5206 3300 5270; x_wconf 82' lang='lat' dir='ltr'>lmuv2,</span> <span class='ocrx_word' id='word_1_526' title='bbox 3343 5209 3433 5257; x_wconf 91' lang='lat' dir='ltr'>hoc</span> <span class='ocrx_word' id='word_1_527' title='bbox 3465 5213 3556 5258; x_wconf 82' lang='lat' dir='ltr'>cet.</span> <span class='ocrx_word' id='word_1_528' title='bbox 3584 5210 3726 5268; x_wconf 76' lang='lat' dir='ltr'>volyo</span> 
     </span>
     <span class='ocr_line' id='line_1_48' title="bbox 538 5287 3795 5379; baseline -0.002 -15"><span class='ocrx_word' id='word_1_529' title='bbox 538 5317 785 5379; x_wconf 84' lang='lat' dir='ltr'>docuisse,</span> <span class='ocrx_word' id='word_1_530' title='bbox 826 5318 946 5364; x_wconf 74' lang='lat' dir='ltr'>haec</span> <span class='ocrx_word' id='word_1_531' title='bbox 984 5317 1254 5364; x_wconf 70' lang='lat' dir='ltr'>Mommsen</span> <span class='ocrx_word' id='word_1_532' title='bbox 1517 5315 1576 5364; x_wconf 86' lang='grc'>13</span> <span class='ocrx_word' id='word_1_533' title='bbox 1617 5318 1716 5364; x_wconf 89' lang='lat' dir='ltr'>imo</span> <span class='ocrx_word' id='word_1_534' title='bbox 1756 5315 1809 5362; x_wconf 86' lang='lat' dir='ltr'><em>M</em></span> <span class='ocrx_word' id='word_1_535' title='bbox 2073 5314 2134 5363; x_wconf 89' lang='lat'>15</span> <span class='ocrx_word' id='word_1_536' title='bbox 2173 5287 2241 5364; x_wconf 57' lang='lat'><em>1¹1¹&amp;</em></span> <span class='ocrx_word' id='word_1_537' title='bbox 2284 5314 2521 5375; x_wconf 86' lang='lat' dir='ltr'>puluinar</span> <span class='ocrx_word' id='word_1_538' title='bbox 2562 5314 2603 5360; x_wconf 90' lang='lat' dir='ltr'><em>T</em></span> <span class='ocrx_word' id='word_1_539' title='bbox 2864 5313 3030 5360; x_wconf 77' lang='lat' dir='ltr'>ssaifiis</span> <span class='ocrx_word' id='word_1_540' title='bbox 3069 5311 3122 5358; x_wconf 86' lang='lat' dir='ltr'><em>M</em></span> <span class='ocrx_word' id='word_1_541' title='bbox 3359 5312 3600 5376; x_wconf 83' lang='lat' dir='ltr'>pudicum</span> <span class='ocrx_word' id='word_1_542' title='bbox 3639 5315 3704 5374; x_wconf 65' lang='lat'>¹353</span> <span class='ocrx_word' id='word_1_543' title='bbox 3754 5313 3795 5358; x_wconf 87' lang='lat' dir='ltr'><em>T</em></span> 
     </span>
     <span class='ocr_line' id='line_1_49' title="bbox 544 5396 3676 5465; baseline -0.003 -14"><span class='ocrx_word' id='word_1_544' title='bbox 544 5401 603 5451; x_wconf 87' lang='grc'>16</span> <span class='ocrx_word' id='word_1_545' title='bbox 639 5405 748 5465; x_wconf 78' lang='lat' dir='ltr'>pria</span> <span class='ocrx_word' id='word_1_546' title='bbox 787 5402 842 5449; x_wconf 91' lang='grc' dir='ltr'><em>Μ</em></span> <span class='ocrx_word' id='word_1_547' title='bbox 1051 5403 1188 5450; x_wconf 82' lang='lat' dir='ltr'>reddi</span> <span class='ocrx_word' id='word_1_548' title='bbox 1228 5419 1290 5462; x_wconf 90' lang='grc' dir='ltr'>ω,</span> <span class='ocrx_word' id='word_1_549' title='bbox 1332 5403 1497 5450; x_wconf 88' lang='lat' dir='ltr'>reddis</span> <span class='ocrx_word' id='word_1_550' title='bbox 1535 5401 1797 5450; x_wconf 66' lang='lat' dir='ltr'>Acidaliae</span> <span class='ocrx_word' id='word_1_551' title='bbox 2011 5400 2070 5449; x_wconf 87' lang='lat'>17</span> <span class='ocrx_word' id='word_1_552' title='bbox 2107 5401 2467 5462; x_wconf 73' lang='lat' dir='ltr'>praeuenimus</span> <span class='ocrx_word' id='word_1_553' title='bbox 2508 5398 2563 5445; x_wconf 87' lang='lat' dir='ltr'><em>M</em></span> <span class='ocrx_word' id='word_1_554' title='bbox 2600 5399 2662 5460; x_wconf 83' lang='lat' dir='ltr'>(et</span> <span class='ocrx_word' id='word_1_555' title='bbox 2699 5396 2751 5445; x_wconf 64' lang='lat'>1⁸2</span> <span class='ocrx_word' id='word_1_556' title='bbox 2788 5402 2842 5447; x_wconf 79' lang='lat' dir='ltr'>in</span> <span class='ocrx_word' id='word_1_557' title='bbox 2877 5398 2995 5458; x_wconf 77' lang='lat' dir='ltr'>my.)</span> <span class='ocrx_word' id='word_1_558' title='bbox 3216 5397 3277 5447; x_wconf 83' lang='lat'>18</span> <span class='ocrx_word' id='word_1_559' title='bbox 3317 5399 3580 5459; x_wconf 83' lang='lat' dir='ltr'>praeuenti</span> <span class='ocrx_word' id='word_1_560' title='bbox 3620 5396 3676 5443; x_wconf 89' lang='grc' dir='ltr'><em>Μ</em></span> 
     </span>
    </p>

    <p class='ocr_par' dir='ltr' id='par_1_12' title="bbox 536 5493 3795 5851">
     <span class='ocr_line' id='line_1_50' title="bbox 710 5493 3795 5568; baseline -0.002 -23"><span class='ocrx_word' id='word_1_561' title='bbox 710 5497 826 5546; x_wconf 81' lang='lat' dir='ltr'>XV.</span> <span class='ocrx_word' id='word_1_562' title='bbox 873 5495 892 5545; x_wconf 93' lang='grc'><strong>1</strong></span> <span class='ocrx_word' id='word_1_563' title='bbox 938 5499 1042 5546; x_wconf 77' lang='lat' dir='ltr'>tuis</span> <span class='ocrx_word' id='word_1_564' title='bbox 1079 5499 1356 5547; x_wconf 80' lang='lat' dir='ltr'>uirtutibus</span> <span class='ocrx_word' id='word_1_565' title='bbox 1394 5497 1450 5544; x_wconf 82' lang='lat' dir='ltr'><em>M</em></span> <span class='ocrx_word' id='word_1_566' title='bbox 1692 5511 1915 5544; x_wconf 88' lang='lat' dir='ltr'>uerrerer</span> <span class='ocrx_word' id='word_1_567' title='bbox 1953 5495 2009 5542; x_wconf 89' lang='grc' dir='ltr'><em>Μ</em></span> <span class='ocrx_word' id='word_1_568' title='bbox 2249 5495 2278 5544; x_wconf 89' lang='grc'><strong>2</strong></span> <span class='ocrx_word' id='word_1_569' title='bbox 2319 5495 2568 5556; x_wconf 85' lang='lat' dir='ltr'>sulpicius</span> <span class='ocrx_word' id='word_1_570' title='bbox 2601 5508 2656 5555; x_wconf 85' lang='lat' dir='ltr'>p,</span> <span class='ocrx_word' id='word_1_571' title='bbox 2684 5494 2943 5568; x_wconf 38' lang='lat' dir='ltr'>’sulpitius</span> <span class='ocrx_word' id='word_1_572' title='bbox 2978 5496 3068 5540; x_wconf 73' lang='lat' dir='ltr'>cet.</span> <span class='ocrx_word' id='word_1_573' title='bbox 3316 5493 3734 5542; x_wconf 79' lang='lat' dir='ltr'>conmendabillor</span> <span class='ocrx_word' id='word_1_574' title='bbox 3769 5505 3795 5540; x_wconf 74' lang='lat' dir='ltr'>e</span> 
     </span>
     <span class='ocr_line' id='line_1_51' title="bbox 538 5570 3790 5676; baseline -0.001 -11"><span class='ocrx_word' id='word_1_575' title='bbox 538 5617 567 5665; x_wconf 80' lang='lat'>4</span> <span class='ocrx_word' id='word_1_576' title='bbox 602 5619 792 5667; x_wconf 81' lang='lat' dir='ltr'>inflexo</span> <span class='ocrx_word' id='word_1_577' title='bbox 830 5617 885 5665; x_wconf 86' lang='lat' dir='ltr'><em>M</em></span> <span class='ocrx_word' id='word_1_578' title='bbox 1156 5618 1185 5665; x_wconf 89' lang='lat'>5</span> <span class='ocrx_word' id='word_1_579' title='bbox 1223 5619 1486 5666; x_wconf 82' lang='lat' dir='ltr'>iocundius</span> <span class='ocrx_word' id='word_1_580' title='bbox 1530 5617 1631 5664; x_wconf 89' lang='grc' dir='ltr'>ΤΜ</span> <span class='ocrx_word' id='word_1_581' title='bbox 1873 5616 2104 5664; x_wconf 74' lang='lat' dir='ltr'>facundia</span> <span class='ocrx_word' id='word_1_582' title='bbox 2145 5615 2201 5662; x_wconf 92' lang='lat' dir='ltr'><em>M</em></span> <span class='ocrx_word' id='word_1_583' title='bbox 2440 5570 2760 5674; x_wconf 48' lang='lat' dir='ltr'>glomergzffi</span> <span class='ocrx_word' id='word_1_584' title='bbox 2803 5615 2862 5674; x_wconf 88' lang='lat' dir='ltr'>T,</span> <span class='ocrx_word' id='word_1_585' title='bbox 2904 5614 3231 5673; x_wconf 85' lang='lat' dir='ltr'>glomerosius</span> <span class='ocrx_word' id='word_1_586' title='bbox 3271 5613 3328 5661; x_wconf 90' lang='lat' dir='ltr'><em>M</em></span> <span class='ocrx_word' id='word_1_587' title='bbox 3363 5615 3426 5676; x_wconf 78' lang='lat' dir='ltr'>(et</span> <span class='ocrx_word' id='word_1_588' title='bbox 3465 5611 3518 5659; x_wconf 66' lang='lat'>2²²</span> <span class='ocrx_word' id='word_1_589' title='bbox 3553 5613 3606 5659; x_wconf 80' lang='lat' dir='ltr'>in</span> <span class='ocrx_word' id='word_1_590' title='bbox 3641 5612 3790 5674; x_wconf 50' lang='lat' dir='ltr'>mm),</span> 
     </span>
     <span class='ocr_line' id='line_1_52' title="bbox 536 5697 3726 5766; baseline -0.003 -15"><span class='ocrx_word' id='word_1_591' title='bbox 536 5705 894 5766; x_wconf 70' lang='lat' dir='ltr'>glomer-antius</span> <span class='ocrx_word' id='word_1_592' title='bbox 931 5707 966 5765; x_wconf 77' lang='lat' dir='ltr'>l,</span> <span class='ocrx_word' id='word_1_593' title='bbox 1027 5704 1345 5764; x_wconf 80' lang='lat' dir='ltr'>glomeratius</span> <span class='ocrx_word' id='word_1_594' title='bbox 1380 5708 1468 5752; x_wconf 78' lang='lat' dir='ltr'>cet.</span> <span class='ocrx_word' id='word_1_595' title='bbox 1751 5703 1782 5751; x_wconf 80' lang='lat'>6</span> <span class='ocrx_word' id='word_1_596' title='bbox 1819 5704 2031 5751; x_wconf 89' lang='lat' dir='ltr'>liberum</span> <span class='ocrx_word' id='word_1_597' title='bbox 2070 5717 2132 5764; x_wconf 85' lang='grc' dir='ltr'>ω,</span> <span class='ocrx_word' id='word_1_598' title='bbox 2183 5701 2391 5749; x_wconf 83' lang='lat' dir='ltr'>liberius</span> <span class='ocrx_word' id='word_1_599' title='bbox 2429 5700 2691 5748; x_wconf 76' lang='lat' dir='ltr'>Acidalius</span> <span class='ocrx_word' id='word_1_600' title='bbox 2970 5699 3127 5747; x_wconf 77' lang='lat' dir='ltr'>actico</span> <span class='ocrx_word' id='word_1_601' title='bbox 3169 5700 3211 5745; x_wconf 90' lang='grc' dir='ltr'><strong><em>Τ</em></strong></span> <span class='ocrx_word' id='word_1_602' title='bbox 3488 5697 3515 5745; x_wconf 84' lang='grc'>7</span> <span class='ocrx_word' id='word_1_603' title='bbox 3554 5697 3643 5744; x_wconf 80' lang='lat' dir='ltr'>ciri</span> <span class='ocrx_word' id='word_1_604' title='bbox 3685 5697 3726 5743; x_wconf 90' lang='lat' dir='ltr'><em>T</em></span> 
     </span>
     <span class='ocr_line' id='line_1_53' title="bbox 539 5790 1537 5851; baseline -0.003 -11"><span class='ocrx_word' id='word_1_605' title='bbox 539 5792 807 5851; x_wconf 76' lang='lat' dir='ltr'>hystoriam</span> <span class='ocrx_word' id='word_1_606' title='bbox 851 5791 906 5838; x_wconf 87' lang='lat' dir='ltr'><em>M</em></span> <span class='ocrx_word' id='word_1_607' title='bbox 1113 5791 1143 5841; x_wconf 85' lang='lat'>8</span> <span class='ocrx_word' id='word_1_608' title='bbox 1182 5791 1453 5839; x_wconf 74' lang='lat' dir='ltr'>comodssti</span> <span class='ocrx_word' id='word_1_609' title='bbox 1496 5790 1537 5837; x_wconf 90' lang='grc' dir='ltr'><em>Τ</em></span> 
     </span>
    </p>
   </div>
   <div class='ocr_carea' id='block_1_9' title="bbox 3305 5884 3378 5934">
    <p class='ocr_par' dir='ltr' id='par_1_13' title="bbox 3305 5884 3378 5934">
     <span class='ocr_line' id='line_1_54' title="bbox 3305 5884 3378 5934; baseline 0 -20"><span class='ocrx_word' id='word_1_610' title='bbox 3305 5884 3378 5934; x_wconf 60' lang='grc' dir='ltr'>4ΰ</span> 
     </span>
    </p>
   </div>
  </div>
 </body>
</html>
