4630 6435
719 453 837 515 196
2184 448 2431 505 AVSON
2438 450 2491 504 ΙΙ

1382 661 1502 706 nec
1549 645 1846 707 contenta
1888 639 2053 706 ictos
2098 639 2382 705 letaliter
2423 638 2518 705 ire
2565 660 2681 724 per
2728 646 2904 705 artus

1556 743 1888 826 coniungit
1930 749 2167 808 mortes
2215 764 2343 808 una
2391 743 2631 826 sagitta
2674 743 2861 808 duas.

1382 847 1659 932 plurima
1706 846 2026 913 communi
2070 855 2341 932 pereunt
2386 848 2440 912 si
2488 846 2776 912 fulminis
2821 848 2984 929 ictu,

1218 972 1274 1013 ιο
1556 956 1713 1019 haec
1758 971 2008 1035 quoque
2052 951 2134 1017 de
2181 952 2363 1017 caelo
2407 951 2676 1017 vulnera
2719 949 2918 1016 missa
2961 956 3170 1036 putes.

1170 1247 1320 1310 IIII.
1372 1246 1491 1311 AD
1540 1246 1895 1312 FONTEM
1941 1246 2305 1312 DANVVII
2350 1246 2592 1311 IVSSV
2638 1245 3270 1311 VALENTINIANI
3316 1246 3513 1312 AVG.

1390 1419 1670 1505 Illyricis
1716 1426 2015 1502 regnator
2060 1419 2279 1501 aquis,
2331 1419 2478 1501 tibi,
2532 1418 2711 1499 Nile,
2768 1418 3132 1501 secundus,
3947 1440 3975 1485 3

1566 1523 1901 1587 Danuvius
1946 1524 2188 1588 laetum
2234 1522 2491 1607 profero
2537 1522 2714 1588 fonte
2761 1530 2973 1607 caput.
3897 1527 3975 1583 (ω)
4065 1564 4068 1567 2

1394 1627 1647 1692 salvere
1692 1628 2018 1710 Augustos
2064 1627 2283 1707 iube0,
2340 1633 2687 1710 natumque
2731 1632 3142 1711 patremque,

1564 1731 1883 1796 armiferis
1929 1731 2059 1795 alui
2101 1750 2262 1814 quos
2307 1750 2430 1814 ego
2474 1730 2842 1796 Pannoniis.

1260 1855 1285 1893 5
1391 1834 1653 1899 nuntius
1697 1835 1947 1900 Euxino
1990 1834 2119 1899 iam
2164 1854 2335 1900 nunc
2378 1836 2521 1901 volo
2566 1855 2822 1901 currere
2868 1842 3095 1919 ponte,

1569 1945 1638 2002 ut
1683 1937 1846 2003 sciat
1890 1938 2011 2004 hoc
2058 1958 2363 2022 superum
2408 1958 2561 2004 cura
2606 1938 2893 2003 secunda
2937 1938 3206 2020 ValenS,

1394 2040 1595 2108 caede
1640 2042 1798 2126 fuga
1843 2041 2117 2107 flammis
2163 2047 2395 2106 stratos
2441 2041 2712 2126 periisse
2758 2041 3006 2107 Suebos

1566 2166 1685 2211 nec
1729 2146 2025 2211 Rhenum
2073 2145 2284 2210 Gallis
2329 2145 2555 2211 limitis
2602 2166 2747 2211 esse
2791 2146 2956 2210 1000.

1393 2249 1561 2333 quod
1609 2250 1663 2314 si
1709 2250 1855 2332 lege
1901 2248 2098 2314 maris
2145 2249 2382 2315 refluus
2429 2248 2588 2314 mihi
2637 2257 2916 2315 curreret
2960 2247 3194 2330 amnis,

1229 2374 1285 2413 ιο
1565 2354 1690 2419 huc
1734 2372 1991 2439 possem
2038 2352 2244 2419 victos
2289 2353 2442 2419 inde
2488 2354 2725 2419 referre
2776 2354 3041 2419 Gothos.

2129 2649 2206 2713 V.
2262 2647 2557 2731 <ΙΤΕΜ>.

1391 2819 1731 2885 Danuvius
1777 2819 2012 2904 penitis
2059 2827 2250 2904 caput
2294 2821 2651 2886 occultatus
2695 2821 2763 2885 in
2812 2822 2941 2886 oris
3945 2837 3974 2885 4

1565 2930 1734 2989 totus
1782 2924 1902 2988 sub
1948 2930 2165 3000 vestra
2208 2923 2337 2988 iam
2384 2923 2635 2989 dicione
2681 2923 2828 2988 flue.
3895 2926 3972 2985 (ω)

1391 3047 1522 3109 qua
1564 3026 1853 3110 gelidum
1899 3025 2140 3091 fontem
2189 3027 2420 3092 mediis
2465 3027 2724 3092 effundo
2771 3027 3028 3107 Suebis,

1563 3129 1854 3214 imperiis
1898 3129 2200 3213 gravidas
2246 3150 2376 3213 qua
2420 3151 2567 3196 seco
2613 3130 2978 3195 Pannonias

1260 3256 1286 3294 5
1393 3242 1456 3299 et
1498 3255 1626 3317 qua
1671 3234 1855 3300 dives
1901 3233 2088 3316 aquis
2136 3234 2438 3319 Scythico
2487 3236 2666 3301 solvo
2712 3236 2877 3301 ostia
2923 3241 3147 3319 ponto:

1565 3339 1779 3402 omnia
1823 3339 1941 3403 sub
1987 3346 2270 3403 vestrum
2318 3337 2586 3404 flumina
2629 3340 2808 3405 mitto
2852 3340 3099 3423 iugum.

1398 3443 1687 3525 Augusto
1734 3441 1990 3506 dabitur
2033 3443 2148 3507 sed
2194 3443 2485 3526 proxima
2532 3443 2750 3527 palma
2794 3442 3083 3508 Valenti:

1566 3543 1851 3610 inveniet
1896 3546 2104 3611 fontes
2150 3545 2255 3611 hic
2300 3566 2586 3630 quoque,
2641 3546 2823 3627 Nile,
2879 3553 3042 3611 tuos.

1195 3839 1301 3902 VI.
1354 3837 2007 3904 VALENTINIANO
2053 3839 2382 3905 IVNIORI
2431 3840 2520 3903 IN
2568 3840 2894 3905 SIGNVM
2938 3841 3502 3905 MARMOREVM.

1395 4012 1584 4076 Nunc
1627 4018 1689 4077 te
1736 4030 2159 4075 marmoreum
2207 4031 2323 4094 pro
2371 4020 2629 4095 sumptu
2674 4012 2977 4078 fecimus:
3031 4018 3098 4077 at
3143 4032 3284 4077 cum
3947 4032 3976 4078 5

1395 4113 1729 4197 Augustus
1775 4114 1972 4179 frater
2017 4114 2428 4193 remeaverit.
2484 4135 2718 4180 aureus
2763 4122 2923 4179 esto.
3893 4119 3971 4178 (ω)

1090 4291 1265 4298 ῳ-μῌ
1300 4293 1373 4298 4,,Α
1406 4291 1475 4297 -..-
1536 4292 1545 4297 ,

894 4396 1018 4444 1111.
1101 4393 1118 4441 l
1163 4394 1358 4444 Ennod.
1403 4394 1564 4442 Carm.
1608 4395 1631 4440 1
1671 4393 1722 4455 5,
1762 4393 1825 4442 27
1871 4394 1945 4452 (de
1984 4393 2135 4454 Pado)
2180 4400 2413 4453 regnator
2450 4396 2692 4454 Ligurum
2733 4395 2996 4443 fluviorum
3035 4397 3283 4442 maximus
3317 4396 3402 4442 illc

897 4482 957 4528 V.
1039 4480 1069 4528 4
1107 4481 1259 4540 Verg.
1304 4481 1430 4529 Aen.
1474 4481 1576 4528 1111
1616 4479 1716 4528 229
1754 4480 2003 4539 gravidam
2042 4481 2268 4542 imperiis

897 4569 985 4617 v1.
1062 4568 1214 4627 Verg.
1258 4567 1364 4615 Ecl.
1407 4566 1504 4613 VII
1545 4565 1610 4614 35
1635 4581 1709 4628 sq.
1753 4580 1888 4614 0000
1924 4572 1975 4613 te
2012 4581 2338 4614 marmoreum
2378 4582 2464 4629 pro
2499 4573 2722 4628 tempore
2761 4568 2995 4615 fecimus:
3037 4571 3089 4616 at
3124 4573 3208 4629 tu,
3249 4568 3292 4614 si
3330 4569 3497 4615 fetura
3533 4581 3728 4627 gregem
3766 4567 3971 4628 supple-

720 4657 868 4716 verit,
910 4668 1092 4702 aureus
1128 4658 1235 4702 esto

893 4913 925 4961 9
962 4915 1034 4961 sie
1070 4930 1132 4976 ω,
1174 4915 1217 4961 si
1255 4913 1413 4961 Basil.

895 5002 1017 5048 1111.
1095 5002 1274 5048 lemma
1314 4999 1419 5064 Μχ,
1465 5000 1732 5047 Danubius
1770 5001 1935 5059 Augg.
1978 5001 2249 5062 alloquitur
2299 5000 2433 5049 Scal.
2474 5001 2613 5061 υοὶρο
2964 4999 2983 5047 1
3028 5000 3212 5047 hilliris
3249 4997 3304 5044 M
3653 4999 3888 5046 secundis
3927 4997 3978 5043 M

719 5085 749 5133 2
788 5086 1045 5134 dannuius
1072 5083 1266 5148 Mkpv2‚
1307 5087 1559 5134 danubius
1584 5089 1674 5133 cet.
1887 5083 1917 5130 4
1955 5087 2203 5134 armiferis
2234 5086 2315 5133 Mle
2341 5090 2388 5133 ct
2411 5084 2467 5132 „2
2488 5101 2637 5145 corn,
2681 5087 2935 5134 armiferos
2960 5091 3049 5135 cet.
3081 5085 3235 5134 Laut.
3269 5089 3354 5146 81,
3383 5089 3449 5133 42
3490 5088 3562 5148 (in
3587 5099 3682 5146 quo
3706 5101 3787 5133 vv.
3823 5084 3968 5145 1-4)

721 5173 751 5220 6
789 5186 1030 5234 superum
1072 5172 1173 5234 Mle,
1216 5173 1412 5234 superis
1447 5176 1537 5221 cet.
1754 5171 1781 5218 7
1820 5173 2001 5220 fractos
2043 5173 2083 5218 T
2290 5173 2473 5221 suebos
2512 5172 2597 5220 ΜΙι
2633 5177 2676 5219 et
2713 5172 2768 5219 v‘-'
2804 5188 2952 5234 corr„
2996 5186 3180 5220 sueuos
3217 5177 3308 5220 cet.
3527 5170 3588 5220 10
3626 5184 3771 5232 posse
3811 5171 3862 5217 M

890 5258 955 5307 V.
1032 5258 1110 5305 Ad
1146 5261 1339 5307 fontem
1375 5259 1604 5306 Danuuii
1641 5260 1788 5306 iussu
1826 5258 2088 5306 Valentini
2128 5262 2257 5319 Aug.
2288 5257 2394 5320 Mle,
2439 5260 2515 5306 De
2552 5261 2692 5307 fonte
2730 5260 2955 5307 Danubii
2998 5260 3244 5321 (Danuuii
3279 5259 3331 5320 p)
3374 5261 3518 5307 iussu
3556 5258 3818 5307 ValentIni
3859 5257 3977 5318 (Va-

721 5343 993 5390 lentiniani
1046 5360 1095 5404 v,
1152 5334 1441 5393 Valenti²ni
1495 5342 1568 5406 v2)
1627 5345 1758 5404 Aug.
1822 5345 2073 5407 (Augusti)
2133 5361 2194 5410 χ,
2255 5347 2461 5393 nullum
2515 5346 2694 5392 lemma
2753 5345 2803 5404 T,
2866 5346 3008 5393 Idem
3061 5345 3262 5392 eosdem
3316 5345 3589 5405 alloquitur
3646 5345 3778 5392 Seal.
3836 5345 3975 5402 volyo

726 5428 744 5476 1
790 5429 1046 5477 danuuius
1089 5429 1270 5493 TMkp,
1311 5431 1562 5479 danubius
1597 5436 1685 5479 cet.
1910 5431 2119 5492 penitus
2156 5447 2217 5492 ω,
2261 5432 2455 5492 penitis
2490 5431 2610 5479 Par.
2840 5430 2871 5479 2
2909 5432 3128 5480 dictione
3165 5429 3223 5478 M
3428 5431 3457 5479 3
3499 5431 3668 5479 suebis
3711 5429 3810 5476 TM
3842 5434 3887 5476 et
3921 5426 3975 5476 02

723 5515 913 5576 (corn),
957 5517 1129 5563 suevis
1165 5522 1255 5564 eet.
1472 5517 1501 5564 5
1538 5518 1700 5566 hostio
1742 5518 1798 5580 T,
1836 5493 1995 5565 hostia
2034 5515 2103 5578 Μ,
2145 5517 2311 5565 hostia
2348 5521 2435 5565 cet.

889 5601 980 5649 VI.
1056 5604 1235 5650 lemma
1275 5602 1360 5651 Mle
1396 5607 1442 5650 et
1479 5601 1531 5650 b2
1581 5604 1654 5665 (in
1688 5617 1782 5665 quo
1818 5603 2141 5661 Valentiam,
2195 5619 2294 5652 om.
2338 5604 2544 5664 iuniori)
2588 5607 2635 5650 et
2669 5599 2758 5662 992
2799 5602 2870 5663 (in
2907 5602 3080 5663 quibus
3117 5602 3477 5650 Valentiniano
3512 5601 3814 5663 imperatori)
3838 5635 3851 5660 ,
3908 5602 3967 5648 In

717 5689 918 5748 signum
955 5701 1286 5737 marmoreum
1322 5690 1669 5740 Valentiniani
1704 5706 1765 5757 μ,
1810 5689 1915 5737 Sub
1952 5690 2212 5737 Valentini
2256 5689 2561 5752 (Valentiani
2598 5704 2627 5734 v
2651 5688 2813 5749 υοίρο,
2853 5688 3198 5736 Valentiniani
3232 5688 3372 5749 Par.)
3414 5689 3626 5736 iunioris
3663 5689 3804 5750 signo
3842 5700 3966 5734 mar—

720 5787 882 5822 moreo
917 5779 1008 5824 cet.
1048 5775 1188 5835 υοιρο
