4630 6435
1667 453 2068 507 EPICEDION
2108 453 2182 507 IN
2223 452 2531 507 PATREM
2574 454 2707 517 (XI).
3736 455 3817 517 33

1234 901 1485 965 Nomen
1531 919 1652 982 ego
1698 899 2059 981 Ausonius,
2112 921 2240 966 non
2287 901 2550 966 ultimus
2596 908 2734 967 arte
2780 901 3079 967 medendi
3380 922 3479 970 319
3524 922 3704 983 (noyn.
3748 924 3815 981 11)

1406 1008 1501 1084 et,
1558 1023 1703 1068 mea
1747 1003 1804 1067 si
1847 1023 2074 1068 nosses
2120 1011 2442 1088 tempora,
2498 1004 2740 1088 primus
2787 1025 2985 1070 eram.
3689 1010 3812 1069 (Vm)

1234 1103 1481 1170 vicinas
1527 1107 1717 1171 urbes
1764 1106 1931 1170 colui
1975 1106 2313 1191 patriaque
2360 1106 2710 1189 domoque,

1406 1210 1678 1274 Vasates
1723 1210 1970 1294 patria,
2025 1210 2142 1276 sed
2187 1211 2325 1275 lare
2370 1210 2812 1294 Burdigalam.

1101 1335 1126 1373 5
1234 1311 1414 1376 curia
1458 1333 1561 1377 me
1608 1311 1852 1396 duplex
1898 1320 1963 1378 et
2006 1321 2273 1396 uterque
2321 1320 2584 1379 senatus
2629 1314 2911 1378 habebat

1404 1415 1687 1480 muneris
1733 1424 2081 1496 exsortem,
2136 1417 2394 1482 nomine
2438 1417 2838 1502 participem.

1231 1539 1357 1583 non
1404 1520 1678 1603 opulens
1722 1540 1843 1585 nec
1887 1540 2122 1603 egene,
2176 1540 2412 1604 parcus
2458 1521 2596 1585 sine
2644 1520 2940 1585 sordibus
2987 1520 3121 1603 egi:

1405 1623 1642 1688 victum
1689 1623 1976 1688 habitum
2023 1644 2233 1689 mores
2279 1644 2537 1709 semper
2579 1625 2806 1690 eadem
2852 1623 3073 1689 habui.

1235 1746 1528 1792 sermone
1572 1725 1971 1811 inpromptus
2016 1728 2238 1809 Latio,
2291 1748 2513 1792 verum
2559 1728 2772 1793 Attica
2815 1727 3042 1810 lingua

1069 1850 1127 1890 ιο
1407 1830 1662 1897 suffecit
1705 1830 1862 1896 culti
1907 1830 2173 1896 vocibus
2219 1831 2483 1915 eloquii.

1235 1934 1438 2018 optuli
1482 1955 1668 2019 opem
1713 1934 1961 1999 cunctis
2006 1934 2418 2019 poscentibus
2464 1934 2620 1999 artis
2666 1934 2989 2018 inemptae

1407 2037 1817 2117 officiumque
1862 2058 2075 2103 meum
2123 2059 2264 2103 cum
2312 2038 2552 2122 pietate
2598 2037 2740 2102 fuit.

1234 2138 1540 2205 iudicium
1588 2140 1669 2205 de
1715 2160 1818 2205 me
1866 2140 2083 2205 studui
2127 2148 2460 2226 praestare
2506 2141 2846 2205 bonorum:

1407 2243 1545 2328 ipse
1591 2242 1746 2308 mihi
1791 2265 2172 2328 numquam,
2228 2244 2441 2311 iudice
2487 2266 2625 2323 me,
2680 2243 2915 2328 placui.

1070 2366 1129 2405 ιε
1235 2347 1447 2412 officia
1490 2347 1557 2411 in
1601 2348 1835 2413 multos
1882 2348 2137 2413 diverso
2184 2347 2403 2413 debita
2447 2349 2620 2413 cultu

1408 2450 1700 2535 personis
1745 2451 1991 2516 meritis
2036 2458 2322 2534 tempore
2368 2451 2689 2516 distribui.

1234 2552 1452 2619 litibus
1497 2554 1813 2619 abstinui:
1867 2575 1992 2619 non
2038 2555 2226 2634 auxi,
2281 2575 2408 2619 non
2454 2555 2657 2621 minui
2701 2575 2870 2620 rem:

1407 2656 1620 2721 indice
1665 2677 1768 2722 me
1813 2657 2066 2740 nullus,
2122 2665 2221 2723 set
2263 2678 2472 2741 neque
2519 2664 2683 2723 teste
2728 2657 2911 2742 perit.

1236 2758 1452 2823 invidi
1482 2780 1864 2843 numquam:
1917 2780 2150 2845 cupere
2196 2767 2390 2842 atque
2435 2760 2680 2824 ambire
2726 2761 2971 2843 refugi:

1068 2882 1129 2923 20
1405 2862 1619 2928 iurare
1663 2869 1776 2927 aut
1818 2862 2056 2927 salsum
2103 2862 2320 2928 dicere
2366 2884 2484 2946 par
2527 2863 2746 2928 habui.

1238 2965 1434 3031 factio
1482 2986 1583 3031 me
1631 2965 1753 3031 sibi
1796 2985 1923 3029 non
1945 3015 1959 3044 ,
2012 2985 2140 3030 non
2185 2967 2537 3031 coniuratio
2581 2966 2827 3032 iunxit:

1410 3069 1655 3160 sincero
1700 3068 1868 3133 colui
1914 3068 2173 3135 foedere
2218 3070 2560 3136 amicitias.

1238 3171 1492 3239 felicem
1538 3171 1731 3252 scivi,
1787 3192 1912 3237 non
1957 3173 2069 3256 qui
2114 3172 2284 3256 quod
2332 3175 2527 3241 vellet
2571 3173 2870 3256 haberet,

1410 3284 1511 3342 set
1553 3276 1660 3359 qui
1703 3273 1822 3360 per
1867 3276 2069 3342 satum
2116 3298 2242 3343 non
2289 3278 2442 3344 data
2486 3300 2611 3345 non
2659 3287 2939 3365 cuperet.

1072 3399 1136 3439 25
1239 3400 1363 3445 non
1411 3386 1804 3462 occursator,
1858 3400 1983 3444 non
2028 3382 2361 3463 garruluS,
2417 3383 2612 3448 obvia
2657 3404 2956 3462 cei-nem,

1409 3483 1619 3548 valvis
1663 3489 1728 3548 et
1773 3485 1916 3549 velo
1964 3484 2219 3549 condita
2260 3507 2388 3550 non
2433 3486 2588 3552 adii.

1240 3584 1510 3668 famam,
1565 3607 1731 3668 quae
1777 3594 1998 3671 posset
2043 3587 2239 3653 vitam
2285 3588 2570 3654 lacerare
2615 3590 2958 3669 bonorum,

1409 3711 1533 3754 non
1580 3689 1735 3754 finxi
1780 3696 1870 3771 et,
1926 3710 2142 3755 veram
2190 3690 2245 3755 si
2292 3691 2596 3771 scieram,
2650 3693 2844 3757 tacui.

1237 3792 1336 3857 ira
1380 3794 1634 3878 procul,
1690 3812 1839 3877 spes
1886 3813 2055 3859 vana
2098 3794 2354 3877 procul,
2410 3795 2635 3877 procul
2680 3795 2877 3859 anxia
2922 3815 3076 3860 cura

1072 3917 1132 3957 ³0
1409 3896 1604 3978 inque
1650 3895 1834 3961 bonis
1880 3896 2204 3961 hominum
2250 3896 2490 3979 gaudia
2537 3896 2708 3962 falsa
2752 3899 2994 3982 procul.

1238 3999 1424 4064 vitati
1470 4005 1686 4064 coetus
1731 3998 2086 4082 eiuratique
2130 4000 2441 4065 tumultus

1411 4110 1476 4169 et
1519 4122 1773 4186 semper
1817 4102 2004 4168 fictae
2051 4103 2410 4188 principum
2457 4103 2801 4169 amicitiae.

1238 4206 1590 4290 deliquisse
1633 4205 1793 4270 nihil
1838 4225 2186 4287 numquam
2233 4207 2493 4272 laudem
2540 4226 2685 4272 esse
2732 4208 2955 4290 putavi

1410 4317 1602 4392 atque
1647 4309 1848 4373 bonos
1893 4329 2105 4375 mores
2151 4310 2407 4392 legibus
2452 4311 2746 4376 antetuli.

1071 4434 1132 4473 35
1237 4413 1429 4478 irasci
1475 4418 1804 4496 promptus
1849 4411 2185 4496 properavi
2233 4413 2507 4479 condere
2553 4423 2790 4479 motum

1410 4522 1602 4598 atque
1651 4514 1805 4579 mihi
1849 4535 2095 4599 poenas
2140 4536 2255 4600 pro
2301 4516 2567 4582 levitate
2613 4517 2786 4582 dedi.

744 4757 803 4810 2.
876 4762 940 4809 32
980 4762 1093 4812 Hor.
1137 4761 1299 4811 Carni.
1342 4762 1386 4808 11
1430 4759 1473 4820 1,
1515 4759 1546 4808 4
1581 4773 1854 4821 gravesque
1890 4761 2174 4822 principum
2213 4762 2459 4809 amicitias
2670 4761 2734 4809 34
2774 4762 2891 4809 llor.
2933 4761 3091 4811 Carni.
3136 4763 3212 4808 111
3252 4760 3333 4822 24,
3377 4759 3442 4807 35

742 4980 802 5034 2.
875 4986 1063 5047 Incipit
1108 4986 1365 5046 epicedion
1415 4984 1469 5030 in
1518 4990 1706 5045 patrem
1744 4980 1804 5045 λ,
1855 4984 2042 5044 Incipit
2090 4983 2369 5045 epicedion.
2428 4984 2687 5032 Ausonius
2729 4986 3007 5045 (Ausonius
3044 4998 3140 5032 om.
3186 4983 3241 5042 Ε)
3286 4984 3339 5031 in
3390 4987 3579 5045 patrem
3615 4982 3676 5028 de
3714 4983 3822 5028 uita

571 5086 662 5120 sua
705 5071 806 5132 TE,
851 5073 925 5119 De
964 5073 1071 5120 uita
1108 5084 1200 5119 sua
1236 5075 1289 5119 et
1325 5070 1613 5119 conditione
1651 5084 1767 5117 muv
2053 5069 2072 5116 1
2116 5070 2329 5117 Nomine
2374 5067 2546 5132 Ven.⁴;
2588 5070 2655 5130 ef.
2709 5072 2842 5133 Very.
2886 5074 3011 5120 Aen.
3060 5071 3146 5116 111
3176 5073 3277 5117 614
3534 5067 3738 5115 infimus
3781 5067 3822 5112 Τ

570 5156 601 5205 2
641 5159 682 5204 si
721 5160 922 5218 quaeris
963 5158 1005 5203 T
1234 5155 1265 5203 4
1303 5160 1526 5205 uassates
1572 5152 1641 5204 T).
1851 5172 1898 5204 υ.
1940 5159 1972 5203 6
2010 5160 2124 5203 ante
2158 5160 2189 5205 5
2237 5157 2278 5202 V
2310 5156 2394 5203 sed
2428 5157 2663 5205 mendum
2699 5161 2850 5219 siym's
2890 5156 2972 5222 ‘'ls
3011 5162 3055 5204 et
3095 5154 3154 5223 ms
3194 5170 3316 5205 corr.
3530 5155 3560 5200 6
3598 5159 3819 5201 exortem

579 5242 700 5306 ΤχΕ
921 5240 947 5290 7
986 5239 1221 5308 opulens]
1257 5242 1477 5304 locuples
1513 5242 1597 5306 χΕ
1628 5247 1674 5290 et
1708 5239 1764 5289 „2
1804 5245 1875 5305 (in
1907 5258 2004 5302 my.
2048 5243 2277 5302 opulens)
2510 5243 2599 5303 egl
2640 5244 2679 5288 V
2717 5240 2807 5306 (τηῖ
2843 5247 2894 5291 in
2930 5244 3053 5303 ms.)
3297 5243 3329 5289 9
3366 5221 3595 5302 inprdtus
3627 5240 3679 5301 V,
3724 5241 3820 5286 im-

571 5315 722 5389 pronp
726 5336 809 5375 tus
852 5328 902 5386 T,
945 5330 1277 5391 impromptus
1311 5334 1399 5378 cet.
1648 5330 1805 5377 actico.
1847 5329 1888 5374 T
2149 5326 2201 5375 11
2244 5329 2407 5390 optuli
2452 5329 2573 5389 Vll-1,
2614 5331 2773 5377 obtuli
2809 5335 2897 5378 cet.
3145 5310 3323 5391 inepte
3366 5328 3410 5375 V
3445 5328 3492 5388 (ι
3530 5329 3697 5386 eram),
3741 5326 3822 5372 in-

572 5420 715 5475 eptae
752 5431 813 5476 ω,
857 5416 1108 5477 inemptae
1149 5416 1193 5462 Ε
1435 5414 1636 5464 13-16
1672 5429 1766 5464 om.
1810 5431 1852 5463 ω
2103 5412 2163 5462 18
2201 5419 2280 5462 set
2324 5415 2368 5474 (d
2405 5411 2498 5475 m2)
2538 5430 2569 5476 q
2612 5416 2772 5475 (eras.)
2817 5429 2981 5475 neque
3027 5415 3067 5461 V
3291 5414 3376 5462 sed
3417 5429 3457 5461 ω
3692 5416 3821 5458 teste

571 5503 669 5549 fult
711 5501 752 5547 T
1015 5500 1215 5550 19-26
1253 5516 1350 5550 om.
1394 5517 1435 5550 ω
1696 5501 1759 5550 19
1795 5501 1955 5562 adque
1999 5500 2041 5546 V
2075 5501 2115 5560 (t
2149 5497 2237 5560 171²)
2502 5498 2560 5549 21
2606 5485 3013 5549 ndnoncoiuratio
3060 5501 3101 5548 V
3137 5501 3183 5560 (ὲ
3222 5506 3267 5546 et
3305 5503 3463 5548 nones)
3498 5495 3572 5545 m2
3608 5499 3661 5544 in
3694 5499 3815 5556 ms.)

574 5585 637 5634 24
677 5594 754 5634 set
799 5588 840 5632 V
877 5588 924 5648 <d
962 5584 1078 5649 1712),
1118 5590 1203 5634 sed
1245 5602 1288 5635 ω
1568 5586 1633 5636 26
1670 5587 1732 5634 ed
1778 5588 1815 5634 V
1854 5590 1892 5646 (t
1925 5584 2014 5646 m2)
2299 5584 2365 5634 28
2403 5600 2570 5634 ueram
2609 5589 2650 5634 si
2689 5589 2884 5634 scierim
2931 5587 2971 5633 V
3000 5589 3159 5647 volyO,
3203 5600 3321 5634 uera
3356 5587 3400 5634 si
3439 5599 3537 5646 qua
3571 5585 3670 5630 fuit
3707 5598 3749 5630 ω

571 5674 776 5720 aeteram
812 5686 898 5733 ayo
1126 5673 1326 5722 29—34
1364 5688 1460 5722 om.
1503 5690 1546 5722 ω
1775 5673 1841 5721 29
1880 5662 2006 5721 11⁸1„
2054 5672 2092 5718 ν
2129 5675 2173 5733 (a
2205 5687 2284 5733 pr.
2326 5670 2401 5718 „22
2433 5672 2473 5732 ν)
2689 5671 2745 5720 31
2791 5672 2971 5720 nitati*
3021 5673 3058 5718 v
3265 5673 3329 5721 34
3367 5672 3531 5732 adque
3576 5671 3613 5714 V
3650 5672 3689 5729 (t
3725 5665 3815 5727 ωε)

573 5758 638 5804 35
675 5763 720 5805 et
755 5758 821 5807 36
857 5776 956 5808 om.
1008 5759 1045 5805 V

727 5859 975 5901 Avsumvn.
3376 5864 3406 5909 5
