4630 6435
1197 421 1443 476 csu‘ro
1486 421 1889 476 va‘mams
1932 422 2244 484 (xxvnn.
2323 421 2910 477 PYTHAGomcon
2955 426 3295 489 ‹xann
3766 430 3877 489 147

701 783 1144 885 XXVIIII.
1222 786 1377 883 EX
1443 785 1863 884 GRAECO
1928 787 2772 885 PYTHAGORICON
2836 790 2978 887 DE
3043 791 3803 890 AMBIGVITATE

1710 959 2342 1057 ELIGENDAE
2425 960 2793 1058 VITAE.

1295 1188 1481 1267 Quod
1525 1189 1697 1255 vitae
1743 1191 2038 1256 sectabor
2079 1191 2232 1271 iter,
2290 1192 2346 1257 si
2393 1193 2590 1275 plena
2632 1194 2908 1258 tumultu
3394 1214 3493 1264 362
3538 1217 3720 1276 (ndyu.
3764 1217 3876 1279 xv)

1295 1300 1445 1358 sunt
1488 1293 1658 1374 fora,
1714 1293 1769 1359 si
1816 1294 1985 1360 curis
2032 1294 2256 1361 domus
2300 1295 2535 1375 anxia,
2592 1296 2648 1360 si
2695 1297 3070 1381 peregrinos
3752 1303 3880 1366 (VP)

1296 1416 1451 1463 cura
1495 1395 1723 1463 domus
1771 1398 2086 1480 sequitur,
2141 1405 2530 1464 mercantem
2581 1400 2636 1465 si
2681 1420 2849 1465 nova
2897 1422 3152 1485 semper

1296 1500 1536 1566 damna
1580 1510 1875 1582 manent,
1931 1522 2188 1570 cessare
2234 1510 2412 1568 vetat
2459 1504 2515 1569 si
2559 1505 2762 1587 tumis
2811 1512 3102 1587 egestaS‚

1163 1627 1189 1663 ⁵
1296 1605 1353 1671 si
1399 1612 1592 1670 vexat
1638 1607 1819 1670 labor
1863 1606 2253 1689 agricolam,
2306 1627 2484 1672 mare
2532 1607 2887 1691 naufragus
2935 1608 3156 1674 horror

1294 1707 1598 1790 infamat,
1652 1729 2029 1794 poenaeque
2076 1728 2310 1791 graves
2355 1709 2420 1773 in
2468 1711 2711 1776 caelibe
2758 1711 2891 1776 vita

1296 1818 1363 1877 et
1405 1811 1663 1895 gravior
1708 1812 1915 1877 cautis
1962 1812 2256 1878 custodia
2299 1834 2471 1877 vana
2517 1814 2798 1893 maritiS,

1297 1916 1718 2000 sanguineum
1768 1916 1822 1980 si
1868 1916 2091 1981 Martis
2138 1936 2336 2002 opus,
2391 1917 2447 1981 si
2492 1918 2705 2001 turpia
2751 1918 2929 1983 lucra

1297 2018 1580 2085 faenoris
1625 2025 1691 2085 et
1732 2020 1922 2085 velox
1966 2020 2193 2103 inopes
2240 2039 2437 2084 usura
2479 2020 2802 2086 trucidat?

1132 2144 1191 2183 ιο
1295 2142 1484 2188 omne
1528 2142 1759 2191 aevum
1805 2143 2029 2203 curae,
2084 2123 2328 2188 cunctis
2375 2143 2493 2188 sua
2539 2124 2836 2209 displicet
2882 2133 3085 2191 aetas.

1298 2245 1530 2293 sensus
1574 2227 1762 2293 abest
1806 2226 2028 2312 parvis
2078 2227 2465 2291 lactantibus
2511 2235 2576 2293 et
2621 2249 2958 2313 puerorum

1303 2330 1467 2395 dura
1510 2329 1874 2396 rudimenta
1918 2336 1983 2396 et
2025 2330 2331 2395 iuvenum
2378 2332 2719 2395 temeraria
2765 2334 2990 2416 pubes.

1302 2432 1574 2500 afflictat
1617 2433 1873 2501 fortuna
1918 2434 2088 2498 viros
2133 2454 2248 2518 per
2293 2433 2502 2515 bella,
2558 2455 2676 2518 per
2719 2454 2994 2518 aequor,

1300 2538 1562 2621 irasque
1605 2536 2001 2622 insidiasque
2046 2542 2508 2619 catenatosque
2552 2539 2808 2604 labores

1134 2660 1193 2703 ιτ,
1298 2641 1641 2707 mutandos
1688 2660 1943 2727 semper
1987 2640 2416 2725 gravioribus.
2512 2641 2658 2726 ipsa
2703 2649 2998 2707 senectus

1300 2751 1641 2830 expectata
1685 2744 1796 2811 diu
1842 2744 2136 2827 votisque
2183 2750 2405 2828 optata
2450 2745 2756 2829 malignis

1297 2848 1493 2914 obicit
1533 2847 1886 2914 innumeris
1932 2867 2161 2933 corpus
2209 2847 2559 2914 lacerabile
2605 2849 2866 2915 morbis.

1300 2951 1664 3035 spernimus
1708 2950 1776 3018 in
1823 2971 2155 3017 commune
2201 2971 2423 3017 omnes
2470 2952 2859 3036 praesentia.
2953 2955 3269 3036 quosdam

1300 3061 1552 3120 constat
1593 3055 1767 3121 nolle
1815 3055 1972 3120 deos
2017 3055 2178 3120 fieri.
2269 3055 2541 3119 Iuturna
2587 3055 2926 3122 reclamat:

1131 3177 1194 3220 ιο
1308 3163 1471 3242 ‘quo
1517 3158 1718 3225 vitam
1763 3157 1943 3225 dedit
1987 3164 2357 3226 aeternam?
2445 3179 2557 3225 cur
2600 3160 2822 3226 mortis
2867 3160 3169 3247 adempta
3217 3168 3317 3228 est

1301 3262 1672 3329 condicio’?
1758 3263 1854 3328 sic
1898 3264 2234 3329 Caucasea
2279 3263 2400 3329 sub
2447 3285 2605 3348 rupe
2653 3265 3072 3331 Prometheus

1301 3373 1573 3433 testatur
1616 3367 2113 3451 Saturnigenam
2161 3388 2278 3433 nec
2327 3367 2584 3432 nomine
2631 3376 2843 3434 cessat

1300 3471 1596 3537 incusare
1640 3471 1894 3552 Iovem,
1948 3471 2103 3536 data
2146 3471 2231 3536 sit
2275 3470 2445 3553 quod
2493 3470 2627 3536 vita
2673 3474 2994 3556 perennis,

802 3752 1072 3800 xxvlm.
1153 3751 1306 3799 Anth.
1351 3750 1457 3798 Pal.
1499 3749 1651 3796 V1111
1689 3747 1790 3798 359
1833 3744 2212 3808 (Ποσειδίππου,
2254 3747 2303 3798 οἱ
2342 3747 2399 3798 δὲ
2434 3743 2705 3818 Κράτητος
2741 3753 2830 3800 τοῦ
2866 3753 3093 3811 κυνικοῦ)
3124 3770 3133 3800 ;

1458 3831 1618 3901 Ποίην
1653 3851 1728 3890 τις
1765 3832 1952 3902 βιότοιο
1988 3833 2128 3906 τάμῃ
2163 3831 2478 3903 τρίβονςείν
2515 3833 2676 3906 ἀγορῇ
2717 3834 2809 3901 μὲν

1596 3910 1766 3963 νείκεά
1800 3912 1889 3964 καὶ
1920 3910 2147 3982 χαλεπαὶ
2182 3911 2424 3981 πρήξιες·
2464 3911 2516 3962 ἐν
2555 3910 2611 3963 δὲ
2649 3911 2825 3979 δόμοις

1459 3988 1747 4060 φροντίδες·
1791 3988 1843 4041 ἐν
1882 3985 1931 4040 δ’
1975 3989 2151 4059 ἀγροῖς
2185 3990 2434 4058 καμάτων
2472 3987 2614 4048 ἅλις·
2659 3990 2710 4042 ἐν
2748 3990 2804 4041 δὲ
2843 3986 3082 4063 θαλάσςῃ

1596 4063 1815 4138 τάρβος·
1860 4065 1943 4119 ἐπὶ
1981 4066 2145 4140 ξείνης
2182 4062 2251 4129 δ’,
2292 4066 2357 4136 ἢν
2397 4068 2490 4135 μὲν
2530 4068 2657 4140 ἔχῃς
2692 4086 2758 4131 τι,
2799 4067 2942 4126 δέος·

1456 4143 1519 4213 ἢν
1559 4139 1609 4196 δ’
1646 4144 1863 4215 ἀπορῇς,
1906 4145 2134 4213 ἀνιηρόν.
2212 4146 2348 4215 ἔχεις
2384 4140 2587 4214 γάμον·
2629 4144 2724 4196 οὐκ
2759 4145 3042 4213 ἀμέριμνος

1597 4221 1778 4273 ἔσσεαι.
1857 4221 1914 4274 οὐ
1952 4222 2185 4291 γαμέεις·
2230 4223 2321 4292 ζῇς
2360 4217 2434 4273 ἔτ’
2478 4222 2804 4294 ἐρημότερος.

1458 4299 1612 4351 τέκνα
1648 4300 1816 4363 πόνοι,
1857 4301 2085 4371 πήρωσις
2122 4299 2274 4358 ἅπαις
2314 4299 2448 4368 βίος·
2491 4300 2543 4352 αἱ
2578 4301 2811 4369 νεότητες

1596 4376 1834 4447 ἄφρονες,
1879 4378 1931 4429 αἱ
1968 4377 2141 4430 πολιαὶ
2179 4372 2226 4428 δ’
2270 4376 2489 4446 ἔμπαλιν
2529 4377 2784 4447 ἀδρανὲες.

1459 4453 1525 4522 ἦν
1563 4454 1660 4522 ἄρα
1694 4460 1805 4506 τοῖν
1843 4455 2034 4506 δισσοῖν
2072 4456 2185 4513 ἑνὸς
2222 4454 2434 4523 αἵρεσις,
2474 4454 2508 4524 ἢ
2546 4457 2603 4507 τὸ
2638 4456 2871 4525 γενέσθαι

1603 4526 1860 4601 μηδέποτ’
1895 4531 1929 4600 ἢ
1969 4534 2026 4584 τὸ
2066 4534 2240 4585 θανεῖν
2280 4532 2460 4584 αὐτίκα
2497 4534 2814 4600 τικτόμενον.

639 4623 669 4672 «i
707 4625 834 4671 Aen.
880 4623 946 4670 vl
988 4621 1086 4671 276
1126 4623 1287 4684 turpis
1328 4623 1535 4681 Egestas
1787 4622 1845 4670 12
1901 4623 2042 4682 Vcrg.
2086 4624 2213 4670 Aen.
2260 4623 2329 4670 xl
2375 4621 2466 4670 157
2506 4624 2628 4669 dura
2667 4623 2953 4670 rudimenta
3202 4623 3259 4676 Η
3302 4624 3448 4683 Verg.
3492 4626 3619 4671 Aen.
3665 4626 3758 4672 Vll
3798 4625 3898 4672 :52⁴5

638 4712 844 4770 iraeque
882 4710 1196 4769 insidiaeque
1303 4709 1447 4756 Mart.
1491 4710 1513 4756 1
1558 4707 1635 4768 15,
1685 4708 1710 4755 7
1751 4711 2071 4771 catenatique
2110 4711 2302 4758 labores
2470 4709 2535 4757 20
2561 4722 2634 4769 sq.
2681 4710 2827 4767 Verg.
2873 4709 2998 4757 Aen.
3043 4711 3143 4757 ΧΠ
3182 4709 3281 4758 879
3307 4723 3382 4770 sq.
3425 4706 3596 4775 [verba
3636 4706 3901 4775 Iuturnae]

636 4810 734 4858 quo
772 4797 922 4842 vitam
962 4795 1100 4842 dedit
1138 4799 1426 4842 aeternam?
1462 4808 1549 4841 cur
1587 4798 1759 4842 mortis
1798 4795 2028 4859 adempta
2065 4803 2143 4844 cst
2178 4796 2435 4844 condicio?

805 5055 1080 5103 XXVIIII.
1156 5056 1334 5102 lernma
1372 5057 1427 5103 in
1474 5055 1510 5100 V
1557 5053 1660 5114 (ubi
1695 5055 2036 5116 Pytagoricon)
2267 5057 2454 5116 Incipit
2498 5056 2670 5116 egloga
2706 5056 2885 5103 eiusde
2920 5056 2983 5102 de
3019 5055 3347 5114 ambiguitate
3384 5056 3492 5102 uite
3530 5055 3774 5114 elegende
3811 5054 3899 5103 ini

637 5137 787 5208 ficum
825 5144 1052 5204 poeantis
1088 5144 1239 5189 bicto.
1314 5156 1371 5188 eo
1407 5142 1594 5190 driarnc
1630 5143 1791 5189 tribon
1840 5144 1890 5198 (ἱ.
1931 5157 1975 5191 ε.
2018 5137 2174 5192 Ποίαν
2213 5158 2287 5197 τις
2328 5139 2515 5208 βιότοιο
2554 5139 2747 5209 δράμηι
2783 5138 2975 5207 τρίβον)
3018 5142 3094 5190 .ἱ.
3133 5137 3175 5200 Ξῖ
3206 5155 3270 5210 qs
3307 5142 3417 5188 uite
3463 5147 3717 5202 percurrat
3764 5143 3900 5188 uiam

640 5230 698 5289 P,
748 5231 943 5277 Decimi
980 5229 1149 5288 Magni
1188 5230 1400 5276 Ausonii
1441 5243 1619 5276 uersus
1660 5245 1692 5275 ν
1718 5248 1781 5271 =
1812 5228 2096 5276 Marcianus
2132 5230 2222 5277 lot.
2265 5231 2327 5276 cl.
2370 5230 2477 5276 XI!
2513 5228 2618 5276 cod.
2660 5233 2748 5288 69,
2805 5229 2997 5276 Decimi
3036 5228 3202 5286 Magni
3243 5228 3454 5274 Ausonii
3492 5229 3661 5287 egloga
3698 5228 3758 5275 de
3795 5243 3900 5275 am-

637 5319 885 5374 biguitate
933 5317 1067 5364 uitae
1114 5316 1375 5374 eligendae
1426 5317 1609 5377 incipit
1652 5313 1723 5377 9⁴²,
1786 5316 2002 5364 Ausonii
2052 5317 2219 5374 ecloga
2268 5313 2414 5362 Veri.⁴
2466 5316 2546 5378 (dc
2599 5318 2702 5362 vita
2747 5317 2968 5363 humana
3015 5314 3132 5362 add.
3178 5314 3313 5372 Par.)
3604 5314 3624 5363 l
3685 5317 3821 5362 uicto
3864 5312 3907 5360 P

635 5403 665 5451 2
703 5399 858 5469 curis]
895 5405 1023 5451 ciuis
1068 5419 1100 5449 ν
1274 5404 1389 5449 axia
1423 5403 1462 5448 V
1666 5403 1696 5450 3
1735 5398 1987 5467 sequitur]
2023 5404 2252 5463 queritur
2294 5402 2335 5448 P
2540 5402 2583 5448 sl
2624 5403 2749 5449 noba
2795 5401 2835 5447 V
2873 5401 3006 5460 (inob
3042 5397 3117 5446 m²
3154 5403 3209 5448 in
3243 5403 3368 5460 raa.)
3582 5401 3611 5448 4
3651 5403 3695 5449 si
3734 5416 3831 5450 om.
3862 5400 3906 5447 P

638 5488 668 5535 5
706 5471 919 5547 agric'lfi
965 5489 1005 5535 V
1176 5490 1433 5548 naufragis
1462 5486 1555 5547 1²92
1726 5490 1876 5536 orroR
1914 5489 1969 5550 V,
1997 5502 2129 5537 error
2155 5489 2198 5536 P
2407 5486 2436 5534 8
2475 5489 2519 5535 si
2543 5492 2657 5535 ante
2681 5487 2858 5534 Martis
2883 5501 2981 5535 om.
3008 5482 3064 5543 9²
3261 5484 3292 5534 9
3331 5486 3517 5533 fenoris
3553 5488 3589 5533 V
3616 5488 3660 5549 (s
3684 5484 3776 5547 m2)
3810 5487 3897 5548 Ρν,

636 5575 822 5636 {enoria
856 5572 910 5635 92
1125 5573 1177 5622 ll
1221 5576 1526 5622 lactentibus
1562 5571 1619 5634 92
1651 5573 1796 5623 Vm.⁴
1821 5577 1960 5635 volyo
2174 5574 2235 5624 13
2275 5571 2431 5641 bella]
2466 5588 2598 5623 mare
2622 5571 2677 5634 9²
2889 5572 2949 5621 14
2986 5574 3085 5619 iras
3121 5569 3178 5632 9²
3213 5569 3357 5621 ναι*
3381 5573 3524 5633 volqo
3732 5572 3902 5620 cathe-

636 5667 875 5721 natosque
930 5659 1056 5722 Pn¹9²
1100 5656 1243 5708 Ven.⁴
1563 5659 1622 5708 15
1670 5662 1952 5708 multandos
2011 5662 2050 5708 V
2363 5659 2425 5709 16
2471 5675 2568 5710 om.
2615 5660 2658 5707 P
2966 5660 3130 5705 obtata
3187 5660 3227 5706 V
3540 5658 3599 5708 17
3653 5649 3819 5706 innuis
3873 5674 3906 5704 ν

639 5746 835 5794 18-23
861 5762 959 5796 om.
993 5747 1033 5793 V
1247 5746 1303 5795 18
1342 5748 1611 5809 spernibus
1645 5747 1687 5792 P
1901 5747 1960 5795 21
2004 5749 2245 5795 condictio
2271 5748 2315 5794 P
2523 5747 2587 5796 2³
2628 5749 2855 5795 inausare
2885 5745 2942 5805 Ρ,
2985 5747 3242 5793 incursare
3278 5744 3335 5805 9²
3545 5745 3818 5810 perhennis
3852 5741 3908 5804 99-

3392 5845 3493 5896 19·
