4630 6435
811 411 937 473 242
2283 403 2592 461 AVSONII

810 599 910 663 ius
955 597 1319 681 Penelopae
1376 595 1765 681 nuptiarum.
1863 594 1978 660 sed
2023 595 2507 678 prohibentibus
2553 595 2795 678 procis,
2862 614 2944 659 ne
2989 593 3056 658 id
3102 592 3413 657 ridiculus
3457 601 3521 656 et
3566 592 3896 658 mendicus
3942 612 4062 656 au-

811 701 1021 778 deret,
1078 700 1249 782 quod
1295 700 1530 765 frustra
1572 700 1870 764 iuventus
1916 705 2047 763 tam
2096 699 2303 763 electa
2346 704 2757 783 temptasset,
2820 698 2931 762 dat
2977 695 3403 761 Telemachus
3450 695 3622 760 Vlixi
3667 696 3897 762 ceteris
3942 697 4061 761 ab-

808 802 1153 869 nuentibus
1201 801 1577 886 experiendi
1623 807 2021 885 potestatem.
2118 808 2181 866 et
2226 800 2374 865 binc
2420 800 2705 865 nascitur
2751 799 3089 864 admiratio
3134 799 3341 882 prima
3385 799 3671 880 virtutis,
3741 800 4056 866 dedecore

812 926 928 972 suo
974 906 1207 972 ceteris
1250 904 1812 987 erubescentibus,
1865 925 2129 987 quorum
2179 904 2505 986 ignaviam
2554 923 2753 968 senex
2798 910 2862 968 et
2905 902 3238 968 mendicus
3284 901 3586 984 arguerit.

2328 1162 2543 1228 XXII.

983 1319 1095 1386 47.
1634 1314 1869 1403 <Αὖτὰρ
1908 1310 1945 1381 ‘o
1991 1316 2272 1403 γυμνώθη
2323 1319 2555 1403 ῥακέων
2601 1315 2933 1402 πολύμητις
2970 1314 3357 1401 Ὀδυσσεύς).
3959 1327 4057 1376 466

1631 1421 2017 1503 Squalentes
2063 1422 2299 1486 umeris
2344 1422 2601 1487 habitus
2648 1421 2865 1486 reiecit
2909 1420 3153 1486 Vlixes.

983 1525 1209 1591 Vlixes
1255 1526 1392 1590 loco
1438 1525 1736 1590 ulteriore
1784 1533 1970 1609 capto
2027 1524 2304 1590 intendit
2364 1545 2580 1589 arcum
2642 1525 3069 1607 omnibusque
3130 1523 3371 1588 foribus
3428 1523 3729 1601 occlusis,
3796 1543 3875 1588 ne
3934 1543 4060 1606 qua

813 1636 1065 1713 pateret
1109 1628 1451 1711 effugium,
1520 1628 1861 1711 plerosque
1908 1628 2054 1693 vino
2102 1628 2354 1693 saucios
2402 1633 2512 1692 aut
2555 1627 2843 1692 novitate
2888 1628 2980 1691 rei
3028 1625 3317 1711 stupidos
3374 1632 3487 1691 aut
3532 1625 3842 1708 quidlibet
3884 1625 4061 1690 aliud

813 1732 1194 1797 meditantes
1241 1730 1511 1797 conficit.
1606 1751 1748 1796 cum
1795 1731 2066 1815 primum
2114 1732 2396 1796 omnium
2444 1730 2814 1796 confixisset
2857 1731 3234 1811 Antinoum,
3301 1729 3409 1812 qui
3452 1728 3725 1795 audacia
3768 1735 3832 1794 et
3874 1734 4061 1813 petu-

814 1835 1016 1901 lantia
1062 1843 1305 1900 ceteros
1352 1842 1783 1920 superaverat,
1839 1834 2163 1900 Eumaeus
2211 1843 2274 1900 et
2304 1834 2733 1900 Telemachus
2779 1842 2843 1899 et
2873 1834 3226 1898 Philoetius
3272 1832 3543 1917 sumptis
3588 1838 3653 1897 et
3694 1831 3819 1916 ipsi
3864 1831 4059 1896 armis

812 1939 1075 2023 egregia
1118 1940 1184 2005 in
1232 1945 1667 2004 consternatos
1714 1938 1913 2003 caede
1959 1944 2355 2021 grassantur.
2451 1938 2703 2021 iamque
2735 1937 3029 2002 omnibus
3076 1936 3472 2020 interemptis
3502 1934 3751 2000 duobus
3781 1941 4058 2001 tantum-

811 2042 999 2107 modo
1045 2043 1344 2127 parcitur,
1397 2040 1660 2106 Phemio
1706 2041 2093 2122 citharoedO,
2146 2041 2257 2124 qui
2301 2041 2639 2106 ministerii
2687 2060 2884 2106 causa
2914 2040 3243 2106 adhibitus
3273 2039 3434 2104 nihil
3463 2039 3715 2104 omnino
3754 2038 3823 2102 in
3853 2038 4059 2103 Vlixis

814 2146 999 2212 domo
1044 2144 1214 2227 quod
1261 2144 1786 2210 contumeliosum
1833 2149 2006 2209 esset
2051 2144 2344 2209 ediderat
2387 2151 2450 2208 et
2494 2144 2777 2209 Medonti
2822 2143 3147 2228 praeconi,
3216 2142 3394 2207 cuius
3453 2141 3807 2207 modestiae
3867 2141 4058 2205 etiam

812 2247 1241 2315 Telemachus
1299 2249 1706 2331 suffragatur.
1812 2253 1878 2312 at
1937 2247 2044 2330 qui
2102 2267 2242 2312 curn
2289 2247 2677 2312 Telemacho
2737 2254 2917 2312 erant
2960 2246 3382 2311 Melanthium
3428 2245 3807 2311 famulorum
3854 2244 4059 2308 Vlixis

812 2373 1028 2433 unum,
1082 2352 1190 2434 qui
1236 2370 1566 2436 procorum
1612 2350 1992 2436 proterviam
2042 2370 2292 2435 semper
2338 2359 2719 2430 armaverat,
2774 2348 3202 2415 cruciabiliter
3233 2349 3546 2415 occidunt.
3627 2349 3879 2432 puellas
3908 2348 4057 2412 inde

814 2454 1173 2536 duodecim,
1227 2473 1391 2538 quae
1438 2474 1579 2519 cum
1624 2454 1832 2538 procis
1876 2453 2192 2536 flagitiose
2239 2461 2721 2534 consueverant,
2777 2453 3123 2538 suspendio
3167 2454 3509 2537 perimunt.
3593 2451 3817 2517 Vlixes
3860 2451 4059 2517 caede

816 2559 903 2623 ad
947 2559 1208 2642 plenum
1256 2564 1622 2643 perpetrata
1664 2557 1879 2639 ignem
1926 2557 2143 2623 adolet
2188 2555 2577 2639 incensoque
2623 2556 2928 2642 sulphure
2974 2556 3226 2622 domum
3273 2556 3528 2642 piaculo
3571 2561 3825 2640 purgat.

2311 2814 2558 2879 XXIII.

988 2970 1099 3036 48.
1644 2967 1870 3056 <Pp-qd<
1917 2967 1972 3034 δ’
2027 2972 2112 3042 εἰς
2159 2965 2376 3056 ὑπερῷ’
2434 2966 2762 3055 ἀνεβήσετο
2810 2967 3281 3057 καγχαλάωσα).
3958 2978 4053 3028 467

1638 3073 2074 3139 Chalcidicum
2121 3092 2349 3157 gressu
2396 3073 2609 3138 nutrix
2655 3074 3001 3157 superabat
3045 3074 3222 3139 anili.

988 3175 1293 3262 Euryclia
1335 3176 1548 3243 nutrix
1590 3184 1814 3261 gestae
1859 3175 1953 3242 rei
1998 3177 2219 3242 nuntia
2247 3177 2638 3262 Penelopam
2686 3176 2765 3242 de
2812 3196 3030 3243 somno
3075 3177 3333 3244 excitat.
3414 3197 3581 3259 quae
3610 3175 4058 3241 advenientem

814 3281 899 3346 ad
959 3301 1029 3346 se
1087 3280 1385 3346 maritum
1446 3301 1572 3345 non
1629 3287 1867 3346 temere
1911 3280 2122 3365 ipsum
2168 3301 2312 3347 esse
2361 3280 2493 3365 <se>
2541 3280 2915 3365 persuadet,
2988 3280 3112 3367 (et)
3160 3282 3438 3363 quadam
3485 3280 3759 3347 cubiculi
3807 3280 3950 3361 lege
3997 3287 4059 3343 et

815 3384 1090 3468 genialis
1134 3383 1351 3449 lectuli
1396 3384 1604 3469 positu
1652 3384 1774 3449 sibi
1821 3391 2065 3449 tantum
2113 3391 2178 3449 et
2219 3384 2394 3449 Vlixi
2439 3385 2728 3466 cognito,
2796 3405 2879 3449 an
2923 3385 3064 3469 ipse
3110 3384 3195 3450 sit
3238 3383 3536 3465 maritus,
3591 3385 3898 3467 explorat.
3992 3383 4055 3446 in

816 3495 1062 3553 coetum
1108 3486 1341 3552 deinde
1387 3486 1770 3553 conveniunt
1811 3495 2135 3570 totamque
2183 3496 2429 3554 noctem
2478 3496 2695 3553 mutuo
2741 3508 3029 3553 sermone
3077 3495 3470 3553 consumunt.
3553 3493 3617 3553 et
3656 3487 3760 3551 hic
3801 3486 4053 3569 quidem

815 3592 1081 3675 elegans
1126 3590 1455 3675 replicatio
1500 3591 1813 3673 laborum,
1867 3610 2025 3673 quos
2073 3591 2292 3657 Vlixes
2338 3592 2619 3677 pertulit,
2672 3592 2834 3657 mira
2879 3592 3356 3657 concinnatione
3402 3590 3745 3675 colligitur.

2292 3832 2575 3897 XXIIII.

986 3984 1099 4051 49.
1648 3982 1920 4073 (Ερμῆς
1966 3987 2032 4052 δὲ
2079 3984 2274 4074 ψυχὰς
2323 3985 2658 4072 Κυλλήνιος
2704 3988 3094 4072 ἐξεκαλεῖτο>.
3958 3998 4058 4047 468

1636 4091 2009 4155 Tartaream
2057 4098 2242 4157 vocat
2286 4092 2351 4155 in
2398 4092 2614 4156 sedem
2663 4091 2997 4175 Cyllenius
3043 4092 3322 4156 umbras,

988 4192 1326 4257 Procorum
1386 4193 1633 4257 animas
1694 4194 1930 4258 recenti
1992 4202 2054 4259 et
2113 4194 2429 4259 communi
2491 4193 2690 4259 caede
2752 4201 3089 4277 congestas
3149 4195 3522 4259 catervatim
3565 4195 3917 4259 Mercurius
3975 4193 4059 4257 ad

815 4294 1066 4361 inferna
1125 4295 1448 4379 conpellit.
1555 4302 1706 4361 tunc
1762 4298 1932 4362 circa
1988 4299 2533 4381 Agamemnonem
2604 4318 2826 4363 manes
2882 4298 3119 4364 heroici
3188 4304 3653 4382 congregantur
3723 4291 4059 4380 miratique

987 4572 1014 4620 7
1052 4575 1299 4635 penelope
1337 4573 1392 4635 P,
1437 4574 1711 4636 Penelopes
1757 4575 1843 4636 09.
1872 4577 2013 4636 υοιςο
2220 4575 2250 4625 8
2287 4575 2415 4623 lecta
2462 4577 2547 4637 Uy.
2576 4579 2717 4637 volyo
2926 4581 3139 4625 tetasset
3184 4576 3271 4636 Uy.
3485 4575 3517 4623 9
3555 4572 3734 4642 prima]
3772 4588 3981 4637 persona
4016 4575 4060 4621 P

819 4659 879 4708 10
916 4664 968 4706 et
1005 4659 1050 4705 P
1081 4674 1174 4709 ms.
1214 4660 1453 4721 Accua-aii,
1493 4674 1588 4708 om.
1640 4660 1727 4720 Uy.

941 4799 950 4807 ,
984 4741 1086 4795 47.
1159 4744 1188 4793 2
1227 4746 1534 4806 squallentes
1579 4746 1667 4807 Uy.
1883 4747 2103 4793 humeris
2144 4747 2188 4793 P
2228 4747 2312 4807 Uy.
2549 4750 2578 4796 3
2618 4750 2840 4796 exclusis
2877 4749 2920 4795 P
3145 4748 3174 4795 5
3213 4749 3411 4796 audatia
3449 4749 3493 4794 P
3708 4748 3738 4791 li
3777 4749 4057 4795 Eumaenos

821 4830 904 4892 U9.
1144 4831 1172 4879 7
1211 4838 1585 4880 consternantes
1621 4832 1666 4879 P
1895 4835 1925 4880 δ’
1963 4832 2188 4892 phocmlo
2227 4834 2272 4880 P
2499 4836 2731 4893 cythardo
2772 4836 2828 4895 P,
2875 4836 3124 4883 citharedo
3169 4835 3257 4894 Uy.
3494 4834 3679 4882 nichilo
3725 4834 3897 4894 (nihilo
3942 4832 4051 4894 Uo.)

812 4919 982 4965 minus
1021 4918 1064 4965 P
1105 4917 1212 4979 U9.‚
1255 4917 1382 4966 nihil
1418 4920 1619 4966 omnino
1657 4920 1918 4966 Accursius
2139 4918 2169 4966 9
2207 4921 2590 4968 cutumeliosum
2632 4920 2677 4966 P
2881 4921 3115 4969 Medonte
3164 4921 3249 4981 Uy.
3465 4921 3553 4967 uni
3594 4920 3638 4966 P
3679 4919 3790 4980 U9.,
3832 4920 4057 4981 praeconi

813 5004 1077 5051 Acouraius
1288 5003 1349 5052 10
1381 5005 1712 5064 ¹suffragatura
1741 5004 1795 5065 P,
1840 5005 2227 5063 suffragabatur:
2272 5010 2324 5051 et
2370 5004 2459 5065 Uy.
2487 5009 2646 5065 volyO,
2690 5010 3001 5066 suffragatur.
3045 5015 3097 5055 at
3131 5021 3216 5066 eyo
3424 5020 3603 5067 cumq3
3642 5004 3698 5067 P,
3740 5020 3853 5054 cum
3898 5005 3987 5065 U9.

815 5089 1105 5135 melantium
1147 5089 1192 5136 P
1419 5088 1472 5138 11
1516 5103 1772 5151 procerum
1818 5090 1904 5150 Uy.
2121 5097 2418 5153 protermam
2458 5091 2504 5137 P
2731 5092 2790 5140 12
2833 5107 2950 5139 ·x11·
2992 5093 3036 5139 P
3079 5092 3163 5152 υς.
3379 5094 3538 5153 prosis
3578 5093 3619 5138 P
3850 5091 3911 5140 13
3950 5093 4055 5140 sul-

815 5174 967 5235 phore
1007 5173 1050 5219 P

984 5255 1086 5310 48.
1158 5258 1189 5307 2
1227 5263 1488 5322 superabat
1525 5261 1790 5323 superabat
1826 5262 1871 5309 P
2095 5264 2124 5310 3
2162 5264 2344 5311 eur-itia
2379 5264 2423 5310 P
2643 5270 2791 5322 gestu
2829 5264 2874 5311 P
3089 5267 3271 5313 nuncia
3318 5265 3404 5325 Uy.
3621 5265 3901 5326 Penelopea
3944 5264 4053 5325 Uo„

813 5346 1097 5405 Penelopen
1123 5346 1262 5405 volyo
1468 5349 1499 5397 4
1538 5349 1717 5396 timere
1747 5348 1792 5395 P
1998 5362 2051 5395 se
2077 5349 2277 5411 addid1'3
2319 5352 2651 5411 persuadetur
2678 5353 2884 5399 coniecit
2908 5352 3082 5399 Hui-tel
3288 5357 3338 5400 et
3372 5356 3482 5412 post
3518 5350 3786 5411 persuadet
3820 5350 3992 5399 addida·

814 5449 1000 5521 geniali
1035 5448 1236 5496 lectulis
1273 5449 1318 5496 P
1522 5452 1550 5499 5
1588 5454 1732 5500 ulixe
1769 5453 1813 5499 P
2019 5458 2186 5501 cetum
2224 5454 2284 5515 P,
2322 5455 2509 5501 coitum
2557 5454 2643 5513 Uo.
2866 5454 2898 5502 6
2936 5468 3210 5502 sermonem
3249 5454 3294 5500 P
3496 5419 3531 5502 hi
3568 5454 3621 5515 P,
3666 5454 3747 5501 hic
3791 5453 3903 5515 Uy„
3943 5455 4058 5501 hinc

815 5536 935 5584 Par.
975 5536 1117 5595 volyo

895 5642 905 5649 ·
985 5618 1088 5673 49.
1161 5620 1190 5668 2
1230 5626 1404 5668 vocant
1447 5622 1536 5683 Uy.
1790 5624 1819 5673 3
1857 5638 2112 5688 procerum
2157 5624 2246 5687 Uy.
2493 5625 2679 5673 retenti
2716 5625 2762 5671 P
2999 5628 3197 5674 comuni
3238 5627 3282 5673 P
3534 5627 3562 5674 4
3602 5627 3855 5688 compellit
3899 5626 3985 5686 Uy.

813 5720 1165 5765 agamenonem
1207 5706 1251 5754 P

4102 922 4157 962 10

4102 2264 4162 2306 10
