4630 6435
832 438 958 499 230
2309 432 2620 490 AVSONII

2401 778 2510 841 VI.

1009 935 1071 1003 7.
1659 927 1884 1018 Τρώων
1936 928 1994 994 δ’
2050 928 2243 1016 οἰώθη
2293 931 2395 995 καὶ
2437 928 2693 1018 Ἀχαιῶν
2741 928 2992 1016 φύλοπις
3039 932 3201 1019 αἰνή.
3985 940 4084 990 426

1659 1035 1850 1101 Solae
1897 1035 2227 1100 decertant
2270 1035 2444 1100 acies
2491 1035 2630 1100 sine
2675 1036 2966 1119 numine,
3018 1035 3236 1101 divum

1659 1144 1953 1204 cessante
1999 1138 2267 1205 auxilio:
2325 1158 2444 1203 sua
2490 1139 2718 1222 cuique
2763 1158 2994 1205 exorsa
3036 1139 3321 1205 laborem

1662 1242 2107 1323 fortunamque
2154 1241 2368 1307 ferunt
2414 1240 2658 1326 proprii
2705 1242 3070 1308 discrimine
3117 1241 3255 1307 fati.

1007 1346 1303 1412 Troianis
1350 1344 1603 1410 fortuna
1645 1344 2045 1411 inclinatiore
2089 1344 2526 1429 pugnantibus
2574 1345 2866 1430 <suadet>
2912 1353 3095 1411 vates
3139 1346 3449 1426 Helenus,
3503 1350 3572 1408 ut
3614 1343 3904 1409 Minerva
3946 1345 4085 1429 pla·
4123 1365 4152 1403 ⁵

835 1455 1034 1515 cetur.
1128 1448 1327 1531 igitur
1372 1449 1638 1514 Hecuba
1681 1449 1764 1513 ab
1809 1449 2081 1513 Hectore
2126 1447 2398 1529 monita,
2471 1456 2541 1514 ut
2583 1449 2844 1533 peplum
2901 1447 2968 1513 in
3026 1467 3238 1513 arcem
3292 1445 3564 1528 inferat,
3630 1446 3885 1531 peragit
3940 1454 4086 1512 vota

834 1572 976 1618 cum
1038 1550 1375 1616 matribus.
1468 1551 1842 1617 Alexander
1899 1550 2273 1633 obiurgatus
2333 1573 2373 1616 a
2433 1550 2629 1615 fratre
2686 1550 2900 1635 pergit
2953 1552 3019 1616 in
3075 1549 3412 1636 proelium.
3509 1549 3790 1616 Glaucus
3852 1548 4085 1633 Lycius

832 1654 1226 1738 Aetolusque
1256 1655 1604 1720 Diomedes
1650 1654 1976 1737 congressi
2023 1660 2091 1719 ut
2136 1654 2532 1735 dimicarent,
2586 1674 2730 1720 cum
2761 1655 2889 1720 iam
2922 1661 3247 1721 certamen
3277 1653 3563 1735 oriretur,
3616 1658 3889 1737 paterna
3924 1652 4088 1717 inter

835 1776 906 1822 se
950 1757 1230 1844 hospitia
1273 1757 1587 1823 recordati
1631 1757 1803 1823 facta
1848 1777 2164 1822 armorum
2212 1758 2679 1842 permutatione
2725 1757 3083 1824 discedunt.

2392 2017 2533 2080 VII.

1006 2169 1073 2235 8.
1640 2164 1764 2242 (Ὣς
1811 2166 1992 2233 εἰπών
2037 2172 2270 2235 πυλέων
2320 2171 2590 2242 ἐξέσσυτο
2637 2170 2922 2256 φαίδιμος
2952 2165 3222 2257 ‘'Exrmp.
3988 2176 4087 2227 427

1661 2273 1838 2337 Haec
1885 2272 1995 2337 ubi
2039 2273 2211 2339 dicta
2255 2274 2455 2355 dedit,
2507 2273 2712 2358 portis
2759 2292 2901 2339 sese
2947 2274 3177 2339 extulit
3218 2274 3472 2339 Hector.

1007 2375 1335 2441 Minervae
1396 2376 1842 2460 Apollinisque
1917 2395 2232 2441 consensu
2291 2376 2679 2442 fortissimus
2740 2376 3131 2442 Graecorum
3203 2377 3285 2441 ab
3346 2376 3614 2442 Hectore
3682 2380 4083 2458 provocatur.

832 2498 1062 2544 novem
1122 2478 1393 2544 ducibus
1455 2479 1540 2543 ad
1599 2477 2030 2544 dimicandum
2089 2480 2335 2563 paratis
2393 2488 2825 2564 pugnaturum
2889 2479 3073 2564 diligi
3135 2481 3351 2564 placet
3409 2478 3594 2545 sortis
3656 2484 3914 2543 eventu.
4007 2478 4090 2543 ab

834 2582 1035 2647 Aiace
1081 2580 1461 2647 Telamonio
1506 2582 1819 2666 proelium
1866 2582 2192 2665 singulare
2238 2583 2623 2663 conseritur,
2684 2584 2751 2648 in
2795 2603 2919 2667 quo
2964 2584 3198 2649 Hector
3240 2581 3463 2666 lapide
3508 2582 3673 2647 ictus
3715 2580 3784 2645 in
3832 2599 4089 2645 suorum
4130 2604 4156 2642 s

834 2704 904 2749 se
952 2683 1178 2770 recipit
1221 2683 1713 2750 multitudinem.
1810 2693 2264 2768 perseverante
2326 2686 2669 2752 certamine
2732 2688 3116 2753 caduceator
3186 2685 3421 2751 Idaeus
3484 2682 3851 2750 intervenit.
3954 2690 4090 2748 tum

831 2785 1108 2852 invicem
1154 2788 1362 2853 mistis
1408 2788 1778 2854 muneribus
1824 2809 2044 2873 pugna
2089 2788 2370 2856 sedatur.
2465 2791 2704 2855 Hector
2746 2790 3010 2855 Aiacem
3057 2788 3297 2871 gladi0‚
3349 2787 3517 2853 Aiax
3560 2787 3901 2852 Hectorem
3943 2785 4093 2849 bal-

832 2896 936 2954 teo
980 2897 1370 2955 muneratur.
1466 2891 1817 2958 intercessu
1862 2892 2067 2957 noctis
2111 2893 2429 2959 exercitus
2474 2893 2709 2976 quique
2752 2894 2821 2957 in
2865 2911 2985 2957 sua
3028 2891 3389 2958 discedunt.
3484 2888 3590 2955 die
3634 2890 3838 2955 altero
3889 2889 4092 2954 inter-

834 2993 1140 3059 fectorum
1201 2994 1488 3059 humatio
1546 3003 1941 3079 procuratur.
2052 2995 2441 3062 Graecorum
2501 2997 2693 3062 etiam
2749 2996 3012 3061 navalia
3068 2994 3245 3060 fossa
3312 3014 3390 3059 ac
3455 2993 3627 3059 vallo
3695 2991 4091 3057 circumdata

832 3096 1226 3161 muniuntur.
4132 3114 4188 3155 ιο

2374 3358 2552 3422 Vlll.

1002 3511 1071 3577 9.
1655 3507 1816 3583 Ἠώς
1864 3510 1969 3595 μὲν
2016 3507 2420 3596 κροκόπεπλος
2466 3513 2738 3576 ἐκίδνατο
2783 3514 2980 3576 πᾶσαν
3027 3507 3122 3575 ἐπ’
3179 3509 3339 3576 αἶαν.
3986 3517 4091 3568 428

1658 3614 1909 3679 Aurora
1953 3614 2021 3678 in
2065 3614 2304 3680 croceis
2350 3615 2646 3697 fulgebat
2691 3614 2865 3679 lutea
2907 3614 3102 3697 bigis,

1008 3717 1168 3781 Aeto
1214 3715 1477 3782 deorum
1524 3715 1797 3782 concilio
1830 3716 2119 3802 Iuppiter
2148 3737 2261 3801 pro
2306 3724 2545 3804 †parte
2575 3718 2963 3802 pronuntiat,
3016 3736 3137 3782 sua
3167 3723 3238 3782 ut
3267 3717 3537 3799 quisque
3570 3714 3889 3780 exercitus
3920 3721 4090 3780 sorte

837 3817 1178 3901 decernat,
1233 3811 1460 3884 'nullus
1505 3819 1770 3886 deorum
1821 3818 1968 3884 odio
2011 3820 2078 3884 in
2121 3820 2359 3886 alteros
2404 3821 2509 3886 vel
2571 3819 2791 3886 favore
2835 3820 3163 3904 procedat.
3255 3819 3324 3884 in
3368 3819 3551 3884 Idam
3610 3823 3887 3884 montem
3945 3816 4089 3900 ipse

837 3920 1171 4002 digressus
1200 3920 1351 3987 inde
1383 3922 1665 3988 Graecos
1695 3923 1962 3988 inmisso
2006 3929 2244 3989 terrore
2291 3923 2680 4006 conterritat‚
2737 3923 2908 4008 (qui)
2955 3923 3125 4009 turpi
3171 3923 3327 4006 fuga
3369 3921 3454 3987 ad
3499 3921 3895 3986 munimenta
3938 3939 4090 3984 con-
4130 3944 4155 3982 5

837 4022 1009 4108 pulsi
1054 4022 1230 4089 fossa
1274 4031 1339 4090 et
1380 4024 1729 4108 aggeribus
1774 4044 1920 4091 sese
1963 4033 2243 4092 tuentur.
2315 4028 2625 4093 Iunonem
2671 4046 2751 4093 ac
2779 4027 3131 4092 Minervam
3164 4026 3428 4092 Graecis
3472 4024 3773 4091 auxiliari
3801 4024 4091 4089 volentes

837 4126 1096 4191 monitis
1140 4127 1312 4193 Iovis
1356 4127 1476 4192 Iris
1538 4135 1817 4194 exterret
1876 4128 2321 4214 diremptoque
2367 4131 2447 4198 ob
2492 4138 2742 4197 noctem
2790 4131 3137 4200 certamine
3183 4130 3457 4195 victores
3502 4127 3765 4193 Troiani
3818 4126 3887 4191 in
3941 4125 4089 4210 ipso

836 4231 1068 4314 proelii
1113 4232 1250 4296 loco
1296 4231 1600 4296 excubias
1660 4232 2010 4299 obsidionis
2055 4233 2398 4300 instituunt
2443 4234 2788 4316 multisque
2846 4233 3106 4317 ignibus
3166 4232 3354 4298 factis
3412 4252 3529 4317 per
3583 4238 3782 4298 totam
3839 4236 4089 4295 noctem

834 4332 1294 4399 deliberatione
1340 4335 1724 4401 consultant.

1013 4607 1068 4661 7.
1144 4611 1163 4660 1
1210 4614 1384 4659 ΟΙωΕΙ
1425 4610 1470 4658 Ρ
1675 4616 1907 4661 ΦΙΛΟΠΙΟ
1953 4613 1998 4659 Ρ
2202 4613 2231 4662 2
2270 4615 2473 4662 nomine
2513 4613 2571 4675 P,
2621 4615 2756 4674 Ver-9.
2800 4616 2929 4664 Aen.
2972 4614 3027 4659 11
3063 4616 3178 4661 777.
3229 4613 3375 4662 V56.
3422 4613 3490 4659 VI
3524 4614 3627 4662 368
3847 4610 3877 4660 3
3916 4612 4090 4659 uacui-

831 4709 931 4757 que
969 4695 1015 4742 P
1055 4696 1165 4758 Uy„
1209 4712 1301 4746 sua
1337 4698 1518 4758 cuique
1555 4698 1823 4746 Ace-unius
1864 4698 1952 4759 (cf.
2004 4699 2141 4760 Ver-9.
2183 4701 2311 4747 Aen.
2354 4701 2403 4747 X
2434 4704 2528 4748 111
2560 4699 2652 4762 sq.)
2902 4700 2931 4748 5
2969 4699 3147 4747 suadet
3182 4712 3278 4749 om.
3322 4698 3380 4758 P,
3416 4704 3528 4760 post
3565 4698 3792 4747 Helenus
3826 4695 3943 4747 aad.
3994 4695 4084 4755 119.

832 4782 976 4843 volqo
1196 4782 1223 4830 7
1262 4784 1424 4845 filium
1463 4785 1666 4832 clausus
1703 4785 1862 4843 lytius
1897 4785 2193 4846 etholusque
2231 4786 2501 4845 dyomedes
2537 4785 2582 4833 P
2788 4785 3165 4847 Aetheolusque
3211 4785 3299 4844 U9.
3506 4790 3617 4846 post
3653 4784 3918 4833 discedunt
3949 4782 4089 4831 vide-

834 4872 919 4916 tur
952 4869 1185 4918 excidisse
1224 4869 1450 4917 Hectoris
1485 4884 1597 4917 cum
1635 4869 1979 4919 Andromacha
2017 4872 2249 4932 coltoquii
2284 4873 2677 4920 commemoratio

1010 4949 1071 5004 8.
1147 4954 1168 5003 1
1211 4958 1492 5003 ΦΛΥΔιΜοο
1535 4954 1581 5001 Ρ
1871 4956 1901 5006 2
1947 4957 2084 5018 γαρ.
2128 4958 2252 5005 Aen.
2301 4958 2370 5004 Vl
2406 4959 2522 5007 698.
2575 4958 2672 5004 Vn
2706 4958 2825 5008 323.
2869 4960 2987 5007 ⁴71.
3039 4957 3163 5003 V111
3197 4960 3292 5006 541
3595 4955 3623 5005 3
3663 4956 4010 5019 appolinisque
4046 4953 4090 5001 Ρ

834 5037 868 5086 4
904 5037 1297 5088 dimidicandum
1333 5042 1470 5108 petis
1510 5040 1555 5087 P
1759 5043 1916 5103 deligi
1961 5042 2053 5104 Uy.
2092 5044 2231 5104 υοῑρο
2462 5042 2491 5090 5
2529 5043 2828 5091 thelamonio
2868 5042 2913 5089 P
3141 5041 3172 5091 6
3209 5042 3515 5091 caduceatori
3551 5037 3614 5092 ds
3651 5042 3696 5089 P
3925 5041 3953 5089 ¹1
3992 5040 4085 5088 mi·

835 5124 927 5171 stis
963 5124 1156 5187 Har-tel,
1200 5128 1368 5174 missis
1406 5127 1451 5175 P
1496 5127 1606 5188 U9.‚
1648 5127 1778 5176 datis
1815 5129 2081 5177 Aecus-sius
2378 5130 2575 5178 baltheo
2612 5129 2657 5176 P
2699 5128 2787 5190 Uq.
3094 5127 3125 5176 9
3162 5129 3294 5176 ualle
3332 5127 3376 5175 P
3665 5127 3954 5177 circundata
3996 5125 4080 5185 Uy.

841 5208 901 5258 10
939 5212 1240 5260 minuuntur
1276 5212 1321 5259 P

1010 5293 1072 5347 9.
1142 5298 1172 5346 2
1218 5299 1355 5358 Very.
1398 5299 1525 5346 Aen.
1573 5299 1669 5345 VII
1707 5299 1772 5347 ‘26
2018 5299 2047 5348 3
2084 5302 2279 5363 Iupiter
2324 5301 2411 5362 Uy.
2656 5307 2798 5364 parte
2834 5305 3116 5362 corruptum
3358 5301 3658 5361 pronunciat
3700 5299 3786 5361 U9.
4032 5304 4090 5346 ut

834 5395 930 5429 om.
979 5381 1070 5443 Uq.
1352 5385 1383 5433 4
1419 5386 1598 5434 alteros
1635 5386 1719 5433 uel
1758 5389 1926 5434 fauore
1965 5385 2009 5433 P
2039 5401 2128 5436 ms.
2173 5388 2416 5448 Accua-sii,
2470 5387 2675 5436 alterius
2711 5389 2877 5435 favore
2925 5387 3013 5447 L'y.
3297 5387 3326 5435 5
3365 5386 3499 5435 unde
3533 5385 3578 5432 P
3618 5385 3731 5447 U9.,
3786 5385 3904 5434 inde
3940 5399 4022 5448 eqo

836 5480 1006 5527 grecos
1043 5467 1096 5528 P,
1142 5468 1350 5518 Graecos
1399 5470 1484 5532 Uo.
1714 5472 1940 5519 immisso
1984 5471 2072 5532 Uy.
2303 5475 2569 5521 conteritos
2608 5472 2652 5520 P
2692 5472 2805 5532 U9.‚
2847 5474 3132 5522 conterritat
3169 5474 3257 5533 qui
3292 5485 3379 5532 eqo
3597 5471 3734 5520 unde
3770 5472 3945 5520 Graeci
3982 5509 3993 5521 .
4026 5507 4037 5520 .
4069 5506 4083 5520 .

835 5557 1069 5605 conteriti
1114 5553 1258 5607 ναι*
1299 5559 1571 5618 (conterriti
1609 5558 1750 5620 Par.)
1788 5561 1932 5619 volqo
2139 5561 2387 5621 compulsi
2431 5560 2515 5620 Uo.
2744 5562 2774 5609 6
2816 5565 2989 5609 tuetur
3033 5558 3124 5619 Uy.
3335 5559 3475 5606 uoles
3514 5558 3559 5605 P
3764 5557 3792 5604 7
3831 5558 4089 5618 dirimpta-

838 5655 936 5702 que
976 5641 1020 5689 P
1226 5642 1256 5692 8
1295 5644 1594 5692 abscidionis
1635 5644 1680 5690 P
1885 5644 1916 5692 9
1954 5646 2362 5694 deliberationem
2405 5644 2461 5704 P,
2503 5646 2564 5695 de
2600 5646 2720 5694 belli
2756 5648 2945 5695 ratione
2990 5645 3082 5706 U9.
3121 5645 3280 5705 volyo‚
3328 5644 3687 5693 deliberatione
3723 5657 3811 5703 eoo
3855 5643 3939 5705 (cf.
3987 5642 4082 5691 Cic.

840 5729 942 5790 Off.
987 5729 1016 5774 1
1048 5730 1097 5790 3,
1141 5733 1171 5778 9
1209 5730 1404 5778 consilii
1442 5731 1676 5792 capiendi
1712 5731 2019 5793 deliberatio)
