4630 6435
1851 352 2412 410 EPIGRAMMATA
2450 355 2791 422 (XV—XX).
3819 363 3939 426 201

1225 566 1252 606 ⁶
1356 543 1631 611 Nestore
1677 544 1797 610 sim
1842 546 2140 629 quamvis
2184 547 2542 632 provectior
2584 548 2969 631 aemulaque
3014 548 3203 614 annis

1531 648 1753 715 vincas
1799 649 2151 716 Cumanam
2198 656 2266 716 tu
2312 671 2566 734 quoque
2611 651 3022 738 Deiphoben‚

1357 771 1476 817 nos
1519 752 1892 836 ignoremus
1937 753 2094 836 quid
2139 754 2226 820 sit
2268 761 2522 822 matura
2568 762 2888 823 senectus.

1531 856 1696 922 scire
1741 856 1888 922 aevi
1932 858 2257 941 meritum,
2312 879 2438 924 non
2482 880 2819 926 numerare
2864 859 3068 927 decet.

1698 1287 1977 1353 XVIIII.
2034 1287 2129 1353 IN
2175 1289 2419 1354 ANVM
2465 1290 2919 1356 EBRIOSAM.

1353 1494 1479 1572 Qui
1525 1495 1802 1581 primuS,
1855 1495 2104 1577 Meroe,
2155 1516 2388 1562 nomen
2433 1497 2549 1562 tibi
2595 1496 2914 1582 condidit,
2965 1498 3081 1564 ille
3876 1520 3943 1570 20

1524 1599 1850 1665 Thesidae
1895 1619 2127 1664 nomen
2172 1600 2460 1665 condidit
2504 1601 2877 1686 HippolytO.
3857 1607 3939 1669 (ω)

1351 1723 1501 1767 nam
1548 1702 1840 1769 divinare
1888 1709 1988 1769 est
2030 1723 2260 1769 nomen
2307 1724 2717 1789 componere,
2772 1705 2942 1788 quod
2987 1705 3073 1771 sit

1523 1806 1816 1872 fortunae
1862 1813 1927 1872 et
1970 1828 2216 1892 morum
2260 1808 2367 1873 vel
2412 1808 2590 1873 necis
2632 1808 2968 1874 indicium.

1218 1930 1243 1966 ⁵
1351 1909 1729 1990 Protesilae,
1785 1909 1900 1975 tibi
1946 1931 2179 1976 nomen
2205 1910 2319 1975 ‘sic
2365 1910 2502 1975 fata
2547 1910 2897 1993 dederunt,

1521 2013 1782 2079 victima
1826 2013 1996 2096 quod
2040 2014 2277 2079 Troiae
2324 2015 2534 2098 prima
2578 2014 2832 2080 futurus
2879 2035 3047 2080 eras.

1352 2116 1620 2181 ldmona
1665 2116 1835 2199 quod
1881 2123 2127 2199 vatem,
2180 2116 2501 2182 medicum
2548 2117 2719 2198 quod
2763 2118 3015 2203 Iapyga
3060 2118 3306 2200 dicunt,

1521 2219 1865 2285 discendas
1909 2226 2082 2285 artes
2127 2220 2387 2284 nomina
2429 2220 2876 2306 praeveniunt.

1348 2328 1413 2388 et
1457 2328 1525 2388 tu
1572 2323 1697 2406 sic,
1751 2324 2001 2406 Meroe,
2053 2344 2180 2389 non
2226 2324 2399 2406 quod
2445 2324 2535 2390 sis
2581 2331 2723 2389 atra
2766 2326 3008 2408 colore,

1182 2445 1239 2484 ιο
1521 2432 1590 2490 ut
1635 2447 1800 2510 quae
1846 2426 2109 2492 Niliaca
2153 2427 2439 2494 nascitur
2483 2427 2550 2491 in
2595 2427 2844 2508 Meroe,

1345 2529 1628 2594 infusum
1677 2529 1794 2595 sed
1839 2529 2009 2613 quod
2053 2530 2271 2596 vinum
2319 2551 2446 2596 non
2490 2529 2684 2597 diluis
2731 2530 2954 2613 undiS,

1518 2640 1740 2718 potare
1784 2633 2144 2700 immixtum
2192 2640 2378 2700 sueta
2422 2654 2795 2717 merumque
2841 2654 3107 2700 merum.

1926 3065 2078 3132 XX.
2139 3065 2258 3130 EX
2306 3065 2675 3133 GRAECO.

1339 3275 1444 3339 Me
1489 3274 1770 3359 lapidem
1815 3275 2137 3357 quondam
2184 3275 2421 3342 Persae
2467 3276 2823 3358 advexere,
2877 3283 3208 3362 tropaeum
3864 3298 3924 3348 21

1510 3385 1582 3443 ut
1624 3378 1843 3443 fierem
1889 3379 2093 3443 bello:
2144 3398 2314 3443 nunc
2358 3399 2480 3462 ego
2527 3400 2670 3445 sum
2713 3380 3035 3446 Nemesis.
3844 3384 3926 3448 (ω)

1343 3501 1423 3546 ac
1468 3480 1634 3546 sicut
1676 3479 1943 3546 Graecis
1988 3481 2335 3547 victoribus
2381 3489 2521 3548 asto
2565 3490 2938 3567 tropaeum,

1510 3584 1707 3670 punio
1752 3585 1847 3649 sic
1892 3586 2124 3650 Persas
2170 3585 2497 3652 vanilocos
2541 3585 2842 3651 nemesis.

674 3811 867 3816 m
914 3813 1021 3817 A&
1072 3815 1093 3818 -
1144 3813 1491 3820 2⁷⁴——

841 3965 1058 4014 XVIIII.
1141 3964 1163 4013 l
1203 3967 1392 4029 Appnl.
1424 3967 1544 4016 Met.
1578 3967 1599 4014 l
1629 3966 1656 4014 7
1695 3967 1763 4016 ad
1791 3969 2037 4029 quandam
2076 3982 2354 4029 cauponam
2391 3968 2592 4016 Meroen
2755 3969 2781 4016 7
2822 3969 2970 4028 Verg.
3000 3969 3127 4018 Aen.
3158 3970 3253 4017 Xll
3284 3968 3376 4018 391
3421 3970 3618 4018 Phoebo
3653 3977 3771 4020 ante
3807 3974 3929 4021 alios

663 4051 877 4100 dilectus
914 4054 1068 4115 Iapyx
1108 4053 1297 4101 Iasides

839 4157 955 4206 XX.
1034 4157 1192 4204 Anth.
1236 4157 1340 4205 Pal.
1381 4157 1504 4206 XVI
1542 4156 1642 4206 263
1679 4154 1890 4225 ἄδηλον.
1966 4155 2039 4214 εἰς
2076 4152 2330 4225 Νέμεσινε

1010 4248 1021 4262 “
1494 4239 1615 4312 Upi-e
1654 4259 1717 4310 με
1753 4240 1899 4295 λίθον
1938 4239 2126 4312 Πέρσαι
2164 4242 2295 4314 δεῦρ’
2334 4241 2545 4315 ἤγαγον,
2586 4241 2720 4313 ὄφρα
2754 4242 2997 4313 τρόπαιον

1629 4327 1897 4398 στήσονται
1934 4324 2127 4385 Νίκας·
2168 4326 2275 4397 εἰμὶ
2312 4326 2369 4380 δὲ
2404 4333 2492 4380 νῦν
2531 4325 2769 4396 Νέμεσις.

1488 4413 1803 4484 ἀμφοτέροις
1841 4413 1881 4464 δ’
1923 4412 2135 4483 ἕστηκα,
2176 4414 2265 4466 καὶ
2293 4410 2604 4485 Ἑλλήνεσσι
2637 4414 2879 4485 τρόπαιον

1624 4498 1767 4558 νίκας
1803 4499 1891 4551 καὶ
1928 4497 2146 4570 Πέρσαις
2181 4505 2272 4553 τοῦ
2309 4499 2542 4569 πολέμου
2577 4498 2797 4570 νέμεσις.

833 4866 863 4914 5
899 4879 1054 4914 annos
1095 4862 1323 4928 TMp³b²,
1365 4866 1514 4914 annis
1548 4870 1639 4913 cet.
1874 4863 1907 4912 6
1944 4864 2237 4926 deyphoben
2282 4864 2324 4910 Τ
2365 4865 2413 4926 (y
2449 4877 2507 4912 ex
2542 4864 2599 4925 i),
2644 4864 2927 4927 deiphoben
2968 4864 3077 4927 Mp³
3303 4866 3334 4915 8
3372 4863 3632 4934 meritum]
3673 4869 3918 4916 incertum

660 4952 736 5002 ed.
783 4953 908 5004 Tou.
946 4955 1091 5013 volvo

830 5057 1052 5107 XVIIII.
1127 5056 1304 5104 lemma
1340 5059 1394 5105 in
1433 5055 1490 5103 M
1692 5055 1753 5103 In
1789 5054 1991 5104 Meroen
2036 5054 2285 5118 (Meroern)
2327 5067 2480 5102 anum
2516 5055 2759 5103 ebriosam
2795 5070 2834 5120 χ
2868 5056 3026 5116 volae,
3069 5057 3264 5105 nullum
3302 5058 3482 5105 lemma
3522 5057 3563 5103 Τ
3774 5055 3795 5106 1
3839 5059 3921 5106 cui

663 5142 720 5190 M
981 5142 1012 5192 2
1048 5143 1307 5205 hyppolito
1348 5143 1408 5204 T,
1448 5144 1671 5206 hypolito
1709 5142 1767 5190 M
2028 5141 2059 5191 3
2096 5143 2197 5190 iam
2244 5142 2285 5188 Τ
2361 5128 2370 5138 ’
2549 5138 2865 5207 componere]
2901 5143 2985 5190 cul
3020 5157 3204 5203 ponere
3243 5143 3397 5191 Barth
3661 5143 3692 5192 4
3729 5148 3781 5192 et
3816 5158 3912 5193 om.

657 5230 791 5278 θοαὶ.
828 5231 973 5290 υοὶρο
1207 5227 1306 5296 vel]
1341 5236 1394 5278 et
1436 5231 1477 5276 Τ
1708 5231 1737 5279 5
1774 5230 2075 5292 prothesilae
2119 5230 2159 5275 Τ
2385 5229 2517 5276 facta
2554 5228 2610 5275 M
2840 5228 2867 5276 7
2909 5229 3154 5277 medicum
3197 5229 3239 5275 T
3283 5229 3330 5292 (u
3369 5243 3426 5277 ez·
3465 5230 3508 5291 a)
3739 5232 3918 5292 iapyga

654 5331 758 5378 mu,
803 5317 969 5379 iaplga
1003 5321 1113 5378 cet„
1155 5317 1331 5380 lapids
1377 5314 1521 5365 ναι*
1546 5319 1693 5378 volqo
1906 5315 1962 5364 11
2007 5316 2273 5363 mondilins
2318 5314 2360 5360 Τ
2397 5315 2470 5378 (in
2502 5329 2604 5374 my.
2644 5312 2722 5364 m2
2756 5329 2866 5376 opu·
2909 5329 3006 5362 non
3043 5315 3218 5377 diluis)
3434 5314 3497 5364 12
3533 5316 3805 5365 inmixtum
3842 5317 3910 5378 vl,

655 5403 921 5451 inmistum
954 5400 1012 5450 οἳ

835 5507 956 5555 XX.
1030 5507 1111 5555 Ex
1148 5506 1306 5556 Greco
1344 5506 1425 5570 M,
1487 5507 1564 5555 Ex
1613 5507 1706 5568 (De
1740 5505 1814 5569 οἳ)
1855 5520 1997 5568 greco
2032 5507 2320 5555 traductum
2355 5507 2417 5555 de
2453 5510 2619 5555 statua
2653 5507 2884 5555 Nemesis
2919 5522 2984 5570 χ,
3036 5506 3237 5553 nullum
3273 5507 3454 5555 lemma
3496 5505 3566 5566 Τ,
3625 5506 3854 5554 Nemesis
3890 5521 3919 5553 e

658 5594 845 5642 Graeco
882 5593 1018 5644 Scal.
1058 5594 1201 5654 volqo
1414 5595 1435 5646 1
1478 5592 1773 5653 trophaeum
1812 5609 1854 5641 ω
2075 5592 2105 5641 2
2142 5597 2189 5641 ct
2224 5593 2255 5641 4
2294 5593 2547 5641 nemensis
2586 5592 2644 5639 M
2859 5591 2889 5639 3
2927 5588 3008 5657 ac]
3042 5597 3094 5639 at
3131 5591 3176 5638 E
3206 5592 3350 5651 volyo
3571 5595 3798 5652 tropeum
3839 5590 3909 5651 M,

656 5680 951 5742 trophaeum
987 5685 1079 5729 eet.
1289 5685 1320 5738 4
1359 5684 1659 5742 uaniloqnos
1705 5680 1780 5743 Τχ

815 5780 1063 5820 Δνεοιηνο.
3430 5778 3495 5827 26
