4630 6435
799 446 880 506 64
2266 439 2573 495 AVSONII

1314 634 1567 697 nomine
1614 632 2064 697 Phoebicium.
2815 630 3052 694 famam
3098 629 3322 694 habuit
3366 637 3648 694 tenuem.

1315 737 1426 817 qui
1471 736 1696 801 Beleni
1742 735 2040 799 aedituus
2608 730 2619 741 ‘
2815 754 3029 817 pange
3076 739 3140 797 et
3185 732 3529 798 Anastasio

1148 854 1210 895 2⁵
1315 839 1404 902 nil
1452 839 1591 922 opis
1636 838 1786 902 inde
1831 837 2012 917 tulit,
2817 834 3067 907 flebile,
3121 835 3343 915 Musa,
3396 835 3630 899 melum

1320 948 1418 1007 set
1461 949 1714 1022 tamen,
1769 948 1838 1005 ut
1879 939 2222 1024 placitum,
2818 946 2883 1003 et
2927 958 3209 1004 memora
3254 947 3543 1017 tenuem⁷

1318 1048 1515 1130 stirpe
1562 1052 1740 1109 satus
1786 1042 2082 1107 druidum
2647 1062 2710 1099 ⁴5·
2818 1043 3046 1123 nenia,
3099 1042 3608 1124 grammaticum.

1317 1149 1528 1231 gentis
1574 1147 2014 1227 Aremoricae,
2817 1145 3211 1228 Burdigalae
3259 1146 3426 1210 hunc
3470 1146 3755 1227 genitum

1317 1250 1707 1333 Burdigalac
1755 1249 2123 1315 cathedram
2813 1249 3143 1314 transtulit
3185 1248 3452 1313 ambitio

1149 1374 1207 1411 :so
1317 1354 1451 1417 nati
1498 1374 1697 1437 opera
1741 1353 2034 1418 obtinuit.
2819 1351 3310 1432 Pictonicaeque
3358 1350 3557 1416 dedit.

1318 1464 1692 1539 permaneat
1737 1457 1965 1521 series:
2820 1476 3066 1538 pauper
3109 1455 3199 1519 ibi
3247 1462 3308 1519 et
3351 1461 3608 1518 tenuem

1319 1560 1715 1642 relligiosum
1764 1559 2001 1624 etenim
2650 1580 2708 1616 ⁵1·
2818 1558 3055 1623 victum
3103 1557 3518 1639 habitumque
3565 1558 3780 1621 colens

1319 1683 1811 1728 commemorare
1860 1660 2105 1746 <meae>
2819 1661 3153 1743 gloriolam
3202 1660 3433 1725 exilem

1318 1766 1804 1850 grammaticum
1851 1767 2099 1849 patriae
2819 1773 2883 1830 et
2927 1765 3177 1849 patriae
3224 1772 3289 1828 et
3334 1763 3677 1829 cathedrae

1149 1890 1208 1927 :³⁵
1319 1869 1752 1954 <Ammonium
1807 1919 2108 1932 ......
2135 1869 2186 1951 ,>
2820 1868 3100 1952 perdidit
3143 1868 3208 1932 in
3254 1868 3452 1932 senio.

1317 1974 1424 2055 qui
1470 1973 1736 2037 rudibus
1782 1971 1999 2055 pueris
2820 1979 2917 2035 set
2961 1979 3171 2036 tamen
3218 1971 3387 2035 hunc
3433 1978 3678 2049 noster,

1315 2077 1522 2160 prima
1567 2076 1887 2140 elementa
1931 2075 2158 2155 dabat,
2651 2098 2710 2133 55
2821 2074 3339 2139 commemoravit
3384 2074 3617 2154 honos,

1316 2178 1604 2244 doctrina
1650 2179 1954 2260 exiguus,
2819 2200 2899 2243 ne
2948 2178 3185 2262 pariter
3228 2178 3511 2241 tumulus

1314 2282 1598 2346 moribus
1642 2280 2023 2365 inplacidis:
2818 2301 3047 2346 nomen
3094 2288 3157 2345 et
3203 2300 3353 2346 ossa
3398 2288 3596 2361 tegat.

1144 2407 1205 2445 40
1313 2383 1580 2469 proinde
1627 2391 1695 2448 ut
1739 2389 1875 2448 erat
1919 2384 2253 2459 meritum,

1061 2661 1169 2725 12.
1216 2658 1756 2739 HERCVLANQ
1811 2658 2168 2724 SORORIS
2214 2661 2467 2725 FILIO.
2523 2660 3092 2725 GRAMMATICO
3139 2657 3803 2723 BVRDIGALENSI.

1469 2832 1858 2911 Herculane,
1915 2832 2025 2913 qui
2069 2832 2394 2917 profectus
2439 2833 2678 2916 gremio
2726 2832 2805 2897 de
2853 2840 3065 2897 nostro
3112 2837 3175 2896 et
3220 2829 3441 2895 schola
3800 2851 3891 2898 201
3945 2851 4053 2908 (ΧΗ

1471 2955 1648 3018 spem
1695 2936 1905 3018 magis
1952 2934 2142 3018 quam
2193 2937 2389 3021 (rem)
2440 2937 2773 3001 fruendam
2823 2935 3174 3020 praebuisti
3221 2936 3570 3008 avunculo,

1469 3038 1792 3122 particeps
1841 3039 2099 3103 scholae
2148 3046 2212 3104 et
2257 3040 2603 3104 cathedrae
2649 3060 2859 3123 paene
2907 3059 3240 3103 successor
3283 3058 3504 3106 meae.

1470 3141 1752 3206 lubricae
1798 3141 1920 3204 nisi
1968 3150 2030 3205 te
2075 3142 2377 3207 iuventae
2422 3142 2839 3227 praecipitem
2886 3142 3090 3206 flexus
3136 3142 3348 3220 daret‚

1337 3270 1361 3306 ⁵
1471 3245 1858 3328 Pythagorei
1903 3266 2029 3308 non
2075 3253 2398 3310 tenentem
2444 3246 2719 3310 tramitis
2767 3254 3002 3311 rectam
3051 3246 3242 3309 viam.

1472 3356 1608 3415 esto
1653 3348 1946 3432 placidus
1993 3356 2057 3413 et
2101 3349 2334 3431 quietis
2380 3350 2678 3413 manibus
2726 3350 2946 3414 sedem
2994 3350 3172 3423 fove,

1469 3454 1600 3517 iam
1646 3451 1801 3516 mihi
1848 3459 2123 3535 cognata
2168 3452 2407 3517 dudum
2454 3452 2620 3518 inter
2664 3460 3050 3518 memoratus
3098 3452 3376 3516 nomina.

1263 3731 1373 3796 13.
1421 3728 1899 3794 THALASSIO
1948 3729 2518 3794 GRAMMATICO
2567 3727 2885 3792 LATINO
2936 3727 3598 3792 BVRDIGALENSI.

1469 3901 1764 3967 Officium
1812 3921 2168 3982 nomenque
2215 3907 2429 3978 tuum,
2486 3901 2812 3985 primaeve
2859 3900 3194 3980 Thalassi,
3774 3919 3872 3969 202
3920 3921 4057 3978 (ΧΠ)

1639 4005 1946 4088 parvulus
1992 4004 2248 4068 audivi:
2301 4004 2411 4068 vix
2457 4004 2649 4070 etiam
2698 4004 2990 4084 memini,

1469 4129 1597 4189 qua
1643 4108 1846 4172 forma
1890 4114 2002 4172 aut
2045 4108 2269 4172 merito
2317 4107 2546 4188 fueri8‚
2600 4129 2729 4189 qua
2776 4108 2972 4191 stirpe
3023 4115 3382 4191 parentum.

1642 4219 1824 4276 aetas
1868 4211 1958 4274 nil
2006 4209 2086 4275 de
2132 4218 2195 4275 te
2243 4211 2554 4294 posterior
2598 4212 2901 4276 celebrat.

1471 4315 1956 4397 grammaticum
2003 4313 2303 4378 iuvenem
2353 4321 2600 4378 tantum
2646 4322 2708 4379 te
2756 4314 2929 4378 fama
2975 4315 3250 4386 ferebat,

1643 4424 1778 4481 tum
1825 4436 2077 4499 quoque
2123 4425 2253 4481 tam
2300 4419 2546 4498 tenuis,
2603 4439 2793 4500 quam
2841 4418 3030 4481 modo
3075 4419 3255 4482 nulla
3301 4425 3539 4483 manet.

1472 4529 1571 4585 set
1616 4520 2001 4602 quicumque
2049 4526 2299 4598 tamen,
2354 4529 2569 4585 nostro
2617 4521 2772 4602 quia
2818 4521 3036 4585 doctor
3078 4520 3146 4585 in
3193 4543 3353 4586 aevo

1643 4624 1896 4704 vixisti,
1950 4624 2069 4689 hoc
2115 4632 2399 4689 nostrum
2445 4645 2679 4689 munus
2725 4625 2992 4702 habeto,
3050 4626 3218 4689 vale.

976 4902 1075 4955 13.
1149 4907 1178 4953 3
1219 4907 1364 4964 verg.
1405 4906 1537 4953 Aen.
1580 4906 1652 4951 111
1690 4903 1754 4950 94
1794 4903 1952 4964 stirpe
1991 4909 2253 4963 parentum

978 5145 1038 5193 ‘24
1080 5147 1277 5193 aeditus
1314 5146 1367 5206 V,
1409 5146 1642 5192 aedituus
1668 5143 1828 5203 Luyd.
2011 5142 2073 5190 27
2114 5128 2276 5190 driidni
2315 5143 2498 5190 Vcorr.
2532 5143 2693 5202 Luyd.
2878 5143 2941 5191 28
2978 5146 3164 5203 genitis
3201 5144 3253 5204 V,
3294 5146 3459 5202 gentis
3488 5144 3653 5204 Luyd.
3844 5143 3909 5192 30
3945 5158 4066 5206 oper

810 5232 864 5292 V,
903 5244 1052 5292 opera
1087 5232 1246 5291 Luyd.
1463 5229 1526 5278 33
1566 5244 1705 5278 meae
1742 5230 1863 5278 add.
1894 5228 2057 5288 Luyd.
2268 5234 2381 5290 post
2418 5247 2465 5278 v.
2504 5229 2567 5277 34
2605 5230 2726 5277 haec
2762 5235 2878 5277 sunt
2916 5234 3095 5290 scripta
3133 5234 3185 5278 in
3218 5231 3259 5277 V
3292 5234 3347 5278 ἰη
3383 5231 3589 5277 alterius
3625 5231 3886 5278 columnae
3921 5233 4065 5278 initio

803 5318 1067 5365 Ammonio
1114 5318 1379 5364 Anastasio
1428 5301 1695 5376 gramatice
1732 5298 2016 5364 Pictaniorsi
2055 5320 2098 5362 et
2137 5319 2272 5363 iuxta
2313 5318 2367 5364 in
2402 5332 2501 5375 my.
2543 5332 2609 5365 m.
2652 5321 2756 5365 ont.
2801 5323 3013 5364 metrum
3053 5318 3141 5378 qni
3177 5332 3327 5378 supra
3576 5316 3639 5364 37
3679 5317 3832 5364 dauat
3875 5317 3918 5361 V
3954 5318 4063 5377 (da-

802 5406 888 5450 bas
924 5400 997 5449 m²
1031 5403 1188 5463 volyo)
1401 5403 1466 5451 39
1505 5404 1802 5465 implacidus
1847 5403 1952 5450 Tou
2162 5402 2228 5450 42
2267 5407 2417 5464 panta
2463 5403 2505 5448 V
2544 5405 2687 5463 (corr.
2727 5400 2817 5462 m2)
3033 5403 3100 5451 49
3138 5400 3236 5469 ibi]
3272 5405 3361 5450 ubi
3400 5404 3567 5463 Luyd.
3608 5406 3751 5462 volyo

977 5483 1076 5538 12.
1148 5490 1391 5537 Erculano
1437 5490 1475 5534 V
1696 5491 1893 5548 graii-iffi
1931 5489 2092 5537 Bardi
2142 5490 2180 5534 V
2407 5487 2436 5536 2
2475 5503 2576 5536 rem
2614 5489 2729 5538 add.
2772 5489 2904 5537 Scal.
3146 5489 3175 5536 3
3215 5492 3345 5538 scole
3392 5492 3431 5536 V
3662 5490 3692 5537 5
3732 5490 3976 5551 pitagorei
4028 5490 4068 5534 V

803 5577 833 5622 ὓ
871 5567 1094 5636 ρΙειοίεἰῖε
1141 5576 1176 5620 V
1214 5577 1247 5634 (i
1288 5579 1435 5636 eran.)
1649 5577 1794 5621 fonae
1839 5575 1879 5620 V

977 5657 1077 5710 13·
1152 5663 1352 5708 Talasso
1398 5663 1448 5718 V,
1489 5662 1745 5708 Thalassio
1788 5661 1898 5708 Tou
2140 5661 2301 5718 κῖιῖῖῦο
2350 5661 2390 5704 V
2630 5652 2855 5714 Bvrdioeal
2907 5663 2946 5706 V
3228 5662 3241 5709 1
3291 5663 3536 5710 thalassan.
3587 5662 3635 5714 V,
3684 5663 3907 5709 Thalassi
3955 5662 4065 5708 Tou

801 5748 829 5794 4
870 5749 992 5795 nihil
1041 5749 1098 5804 V,
1139 5748 1210 5794 nil
1247 5749 1381 5796 θεαί.
1599 5748 1628 5794 5
1668 5755 1715 5793 te
1751 5753 1948 5794 tantum
1985 5749 2128 5805 υοιρο
2340 5747 2370 5794 8
2410 5747 2585 5793 havetn
2630 5747 2670 5791 V
2707 5749 2868 5804 (abeto
2904 5746 2991 5807 m‘·')
