4630 6435
1978 424 2436 516 PROOEMIV'M.
2455 435 2487 466 ⁸·
3714 421 3835 484 VII

580 650 691 715 ubi
738 671 884 717 eum
932 668 1150 715 senem
1196 669 1505 714 annorum
1551 650 1905 733 nonaginta
1950 655 2264 714 mortuum
2312 668 2458 715 esse
2502 633 2800 713 traditur.
2893 666 3159 730 quorum
3194 647 3398 711 altero
3432 651 3643 712 certus
3674 644 3834 708 mihi

584 771 838 837 videtur
897 770 1150 837 definiri
1209 790 1518 836 annorum
1574 790 1907 851 numerus,
1979 769 2043 835 in
2089 771 2291 835 altero
2339 768 2648 836 rotundus
2691 768 2802 851 qui
2847 767 3077 833 dicitur
3117 765 3354 832 inesse.
3449 786 3837 850 quamquam

582 891 946 975 obloquitur
991 891 1384 957 Brandesius
1439 892 1523 976 (p.
1581 892 1678 973 16)
1743 898 1808 957 et
1853 890 2096 976 duplici
2142 890 2516 956 confirmare
2562 889 2779 956 studet
2821 889 3067 954 ratione
3111 887 3299 953 alteri
3345 888 3483 953 loco
3528 886 3838 952 maiorem

580 1011 712 1077 vim
757 1011 1160 1078 tribuendam
1208 1030 1376 1078 esse.
1471 1018 1540 1077 at
1581 1031 1789 1094 neque
1834 1012 1933 1094 id,
1987 1011 2160 1095 quod
2202 1011 2412 1096 priore
2457 1010 2672 1094 posuit
2714 1011 2890 1090 loco,
2945 1014 3394 1091 argumentum
3440 1007 3527 1072 ad
3570 1027 3839 1091 persua-

582 1131 861 1197 dendum
923 1139 1145 1216 aptum
1204 1152 1348 1198 esse
1408 1132 1691 1213 videtur,
1761 1152 1886 1214 quo
1944 1131 2251 1198 maiorem
2314 1131 2507 1197 fidem
2566 1130 2927 1197 habendam
2989 1149 3135 1195 esse
3181 1128 3507 1195 contendit
3550 1126 3839 1212 Epicedii

582 1258 798 1336 utpote
860 1253 1061 1337 patris
1119 1252 1386 1335 imagini
1447 1252 1790 1337 subscripti
1834 1252 2085 1333 verbis,
2153 1272 2360 1335 neque
2406 1253 2677 1317 alterum
2725 1272 2806 1317 ex
2852 1251 3150 1316 universa
3195 1249 3629 1315 Parentalium
3676 1249 3841 1313 serie

584 1372 1061 1458 depromptum,
1124 1374 1190 1437 in
1236 1395 1365 1456 qua
1411 1374 1685 1439 maiores
1730 1379 1884 1438 natu
1931 1392 2074 1454 608,
2143 1374 2253 1456 qui
2296 1373 2579 1438 iuniores
2624 1379 2889 1438 mortem
2934 1371 3262 1451 obierunt,
3329 1372 3470 1436 loco
3517 1369 3650 1435 1616
3696 1390 3844 1455 pro-

583 1492 816 1559 cedant
868 1493 968 1577 (cf.
1024 1493 1143 1558 XV
1194 1498 1294 1575 11,
1353 1498 1373 1556 1
1419 1498 1572 1578 sq.).
1668 1514 1876 1560 nonne
1937 1494 2143 1574 enim,
2210 1495 2333 1560 etsi
2379 1495 2613 1559 Iulium
2675 1493 2991 1574 omnium,
3060 1512 3219 1574 quos
3280 1492 3347 1556 in
3393 1491 3842 1557 Parentalibus

582 1614 1101 1679 commemoravit
1150 1614 1486 1697 Decimus,
1552 1614 1900 1680 maximum
1957 1620 2112 1680 natu
2173 1614 2377 1680 fuisse
2438 1614 2763 1696 colligitur
2819 1634 2898 1679 ex
2960 1614 3092 1695 eis,
3158 1633 3326 1697 quae
3386 1612 3506 1677 XV
3552 1616 3613 1693 3,
3672 1617 3698 1676 1
3740 1631 3836 1694 sq.

582 1733 860 1817 legimus
919 1737 1138 1817 ‘quem
1185 1755 1421 1819 ponere
1466 1735 1774 1820 primum,
1827 1735 1949 1801 etsi
1995 1742 2326 1800 cunctetur
2368 1733 2575 1816 filius,
2627 1735 2783 1800 ordo
2828 1734 3049 1814 iubet',
3103 1754 3212 1815 ea,
3268 1753 3434 1816 quae
3479 1734 3599 1798 XV
3645 1736 3705 1813 6,
3761 1735 3842 1795 23

584 1854 665 1919 de
709 1854 978 1919 Arborio
1036 1875 1163 1921 avo
1208 1855 1514 1922 Decimus
1573 1856 1840 1921 tradidit
1905 1862 2003 1922 ‘tu
2048 1856 2270 1922 novies
2318 1854 2519 1919 denos
2564 1855 2762 1920 vitam
2808 1874 2950 1919 cum
2997 1854 3259 1920 duxeris
3302 1854 3552 1934 annos’,
3619 1853 3843 1919 eodem

586 1975 772 2040 modo
818 1974 989 2040 dicta
1033 1995 1179 2041 esse
1224 1983 1495 2060 possunt
1539 1997 1663 2060 quo
1709 1977 1827 2042 illa
1881 1976 2259 2058 ‘nonaginta
2302 1976 2527 2041 annos'
2576 1975 2672 2039 XI
2705 1980 2766 2057 2,
2806 1978 2875 2038 61
2935 1975 3017 2040 (16
3051 1974 3217 2040 Ι6110
3249 1974 3578 2039 Ausonio?
3621 1994 3848 2057 quam-

583 2115 773 2178 quam
818 2095 1016 2178 igitur
1058 2095 1255 2161 nolim
1301 2118 1592 2181 premere
1636 2097 1834 2163 verba
1886 2096 2220 2162 ‘undecies
2264 2096 2452 2161 binas
2497 2094 2928 2180 olympiadas'
2989 2096 3310 2177 (egressus
3354 2095 3525 2160 enim
3573 2093 3846 2161 10116886

585 2223 685 2281 681
728 2215 932 2281 Ι61168
979 2215 1147 2282 11666
1191 2237 1524 2283 numerum
1568 2218 1670 2283 vel
1719 2217 2046 2283 mensibus
2092 2217 2336 2300 aliquot
2381 2217 2484 2281 vel
2530 2221 2661 2280 toto
2706 2214 2871 2280 adeo
2916 2217 3146 2298 anno),
3212 2221 3428 2280 tamen
3484 2235 3635 2280 num
3699 2235 3845 2280 ver-

583 2334 685 2400 bis
750 2335 1135 2418 ‘nonaginta
1192 2340 1420 2403 annos'
1484 2343 1693 2404 certus
1752 2356 2057 2404 numerus
2117 2336 2519 2419 significatus
2580 2334 2698 2415 sit,
2773 2356 3008 2420 magno
3075 2356 3266 2419 opere
3329 2335 3573 2401 dubito.
3681 2355 3846 2419 quae
3889 2411 3898 2419 „

587 2475 727 2521 cum
788 2455 881 2522 ita
939 2456 1099 2535 sint,
1169 2456 1446 2524 efficitur
1490 2458 1724 2523 Iulium
1771 2457 2157 2537 Ausonium,
2227 2457 2335 2540 qui
2398 2476 2566 2521 anno
2612 2472 3008 2521 cccmrxvm
3065 2456 3224 2522 obiit
3283 2475 3482 2522 senex
3540 2476 3847 2522 annorum

588 2575 724 2642 1616
767 2575 1358 2661 duodenonaginta,
1411 2586 1631 2644 natum
1678 2598 1821 2645 6886
1866 2598 2034 2644 anno
2081 2578 2215 2643 1616
2260 2595 2602 2643 6661110111.

756 2698 894 2762 Ι6111
955 2718 1104 2764 vero
1161 2699 1229 2763 in
1289 2699 1567 2784 epistula
1626 2699 1865 2783 prima,
1930 2719 2056 2781 qua
2110 2705 2357 2784 patrem
2419 2697 2500 2763 de
2561 2696 2694 2764 filio
2739 2720 2780 2764 a
2825 2718 2896 2763 se
2943 2704 3241 2783 suscepto
3288 2698 3618 2765 certiorem
3666 2697 3839 2777 facit,

587 2818 907 2883 Ausonius
950 2839 1013 2882 v.
1071 2821 1146 2882 13
1180 2838 1276 2902 sq.
1328 2820 1627 2904 supparis
1673 2838 1744 2885 se
1788 2820 2020 2885 aetatis
2067 2820 2234 2904 patri
2278 2839 2424 2886 esse
2471 2817 2627 2885 dicit
2670 2838 2748 2884 66
2791 2818 3012 2884 1161118
3059 2818 3262 2884 vicem
3323 2819 3564 2885 habere
3622 2838 3835 2903 posse.

588 2937 820 3018 quibus
877 2938 1091 3005 verbis
1152 2959 1574 3023 quamquam,
1644 2939 1713 3005 id
1772 2941 1940 3023 quod
2002 2939 2192 3006 facile
2250 2941 2592 3007 excusabis
2650 2939 2718 3004 in
2779 2946 3003 3023 poeta,
3072 2939 3211 3005 sine
3271 2939 3464 3005 dubio
3510 2938 3846 3005 veritatem

589 3057 796 3142 ipsam
848 3079 1150 3143 egressus
1198 3068 1328 3144 est,
1403 3066 1620 3126 tamen
1665 3080 1792 3125 non
1838 3060 2056 3146 inepta
2100 3081 2309 3143 neque
2354 3062 2598 3127 absona
2639 3060 2755 3126 tibi
2800 3061 2962 3127 11666
3008 3061 3425 3142 videbuntur,
3493 3059 3550 3124 si
3594 3080 3673 3125 ea
3718 3080 3853 3125 me-

591 3179 793 3246 moria
836 3180 1191 3266 repetieris,
1245 3201 1409 3266 quae
1456 3182 1551 3246 XI
1598 3185 1657 3263 2,
1713 3184 1787 3245 61
1827 3201 1924 3265 sq.
2000 3181 2081 3248 de
2127 3188 2309 3268 patre
2354 3181 2792 3267 nonagenario
2839 3180 3144 3248 Decimus
3189 3181 3453 3259 rettulit,
3507 3180 3678 3247 unde
3722 3180 3849 3246 iam

589 3301 968 3384 intellegas,
1035 3310 1311 3386 quantus
1372 3302 1565 3368 166111
1622 3303 1836 3386 vigor,
1903 3311 2144 3386 quanta
2185 3304 2451 3369 iuventa
2493 3305 2561 3369 in
2604 3304 2719 3369 illo
2765 3323 2840 3369 eo
2884 3309 3206 3387 tempore,
3276 3323 3402 3384 quo
3444 3301 3574 3367 filio
3619 3308 3846 3367 auctus

589 3427 688 3486 est
730 3421 1055 3488 Decimus.
1148 3423 1266 3488 sed
1323 3422 1378 3488 si
1439 3423 1557 3489 hoc
1603 3424 1741 3489 loco
1786 3431 2117 3508 poetarum
2163 3445 2337 3489 more
2385 3444 2517 3490 rem
2563 3424 2630 3488 in
2675 3424 2885 3489 maius
2931 3424 3161 3490 extulit
3206 3422 3564 3504 Ausoniae,
3632 3429 3846 3488 tamen

595 3540 786 3607 166116
847 3543 1181 3609 credemus
1240 3543 1299 3609 ei
1356 3544 1617 3629 neganti
1678 3550 1925 3610 tantum
1983 3545 2151 3610 inter
2209 3563 2279 3609 se
2339 3550 2404 3610 et
2463 3550 2709 3628 patrem
2770 3543 3216 3609 intercessisse
3259 3542 3494 3609 aetatis
3540 3543 3841 3628 spatium,

593 3669 827 3744 quanto
873 3669 1127 3748 patrum
1173 3665 1548 3748 plerumque
1595 3671 1659 3730 et
1703 3664 1978 3730 filiorum
2023 3670 2271 3730 aetates
2317 3664 2531 3729 dirimi
2576 3665 2826 3730 soleant
2879 3666 2980 3746 (61.
3033 3684 3092 3727 v.
3151 3669 3227 3726 15
3261 3666 3416 3746 sq.).
3512 3662 3680 3728 unde
3737 3681 3846 3728 su-

595 3783 827 3867 spicari
875 3784 1027 3849 licet
1070 3784 1303 3850 Iulium
1349 3786 1905 3852 adulescentulum
1946 3783 2293 3850 Aemiliam
2323 3783 2635 3850 Aeoniam
2681 3784 2748 3849 in
2793 3783 3261 3850 matrimonium
3309 3783 3595 3864 duxisse,
3647 3801 3848 3848 annos

591 3910 807 3968 natum
868 3902 1004 3970 1616
1050 3905 1473 3988 undeviginti.
1569 3927 1695 3988 quo
1742 3927 1822 3973 ex
1869 3905 2269 3971 matrimonio
2314 3925 2458 3971 cum
2504 3925 2630 3970 non
2677 3905 2977 3970 Decimus
3021 3904 3265 3989 primus
3309 3910 3484 3969 ortus
3530 3904 3650 3986 sit,
3725 3903 3841 3969 sed

592 4023 867 4089 Aemilia
909 4025 1194 4091 Melania
1236 4046 1413 4091 soror
1456 4046 1601 4091 eum
1647 4026 2072 4111 praecesserit
2117 4047 2240 4092 uno
2287 4026 2547 4091 consule
2591 4025 2794 4091 maior
2849 4026 2948 4108 (61.
2988 4025 3109 4089 XV
3140 4029 3245 4099 31,
3287 4029 3373 4106 4),
3428 4044 3657 4106 6111168,
3710 4042 3836 4105 quo

595 4143 802 4209 lucem
849 4145 1125 4229 aspexit,
1178 4147 1499 4213 Ausonius
1544 4147 1746 4213 fuisse
1791 4147 2047 4212 videtur
2090 4146 2577 4213 trecentesimus
2621 4144 2930 4211 decimus.

767 4265 887 4330 Cui
934 4266 1163 4332 rationi
1210 4287 1289 4332 66
1335 4267 1748 4349 conveniunt,
1811 4287 1982 4350 quae
2028 4266 2109 4332 de
2155 4268 2431 4333 Aemilio
2476 4267 2712 4350 Magno
2756 4266 3020 4331 Arborio
3065 4267 3384 4332 avunculo
3431 4265 3675 4332 rettulit
3717 4266 3852 4330 Au-

596 4384 813 4450 sonius
859 4385 981 4451 XV
1027 4393 1088 4469 5,
1142 4391 1181 4469 9
1213 4406 1338 4470 sq.,
1392 4406 1462 4452 se
1508 4388 1874 4469 lactantem,
1928 4408 2217 4472 puerum,
2269 4389 2696 4471 iuvenemque
2740 4386 3076 4470 virumque
3118 4387 3202 4452 ab
3246 4387 3360 4452 illo
3406 4407 3656 4452 summa
3700 4406 3853 4451 cura¹

595 4505 933 4571 educatum
980 4513 1170 4590 atque
1216 4508 1574 4574 institutum
1624 4527 1792 4574 esse.
1888 4507 2146 4591 reliquit
2188 4514 2403 4573 autem
2434 4507 2741 4573 Arborius
2772 4507 3076 4572 Tolosam
3123 4527 3200 4573 ac
3231 4507 3844 4592 Constantinopolim

596 4626 926 4708 migravit,
1002 4634 1070 4693 ut
1127 4627 1427 4693 Caesaris
1484 4627 1817 4694 cuiusdam
1888 4629 2318 4709 (Constantem
2380 4646 2523 4693 eum
2586 4625 2824 4708 fuisse,
2891 4627 3292 4694 Constantini
3337 4628 3557 4711 Magni
3615 4627 3837 4705 filium,

597 4766 721 4811 non
779 4746 918 4812 sine
977 4767 1213 4831 magna
1270 4748 1402 4813 veri
1467 4748 1684 4832 specie
1743 4748 2014 4814 coniecit
2073 4747 2467 4814 Brandesius
2512 4767 2575 4830 p.
2630 4750 2777 4830 20),
2851 4746 3065 4814 studia
3122 4756 3375 4832 regeret
3430 4749 3566 4832 (XV
3613 4753 3674 4830 5,
3734 4752 3842 4822 15;

598 4864 751 4930 XVI
802 4871 900 4948 17,
958 4871 1037 4930 13
1070 4871 1280 4950 sqq.),
1354 4888 1521 4933 anno
1581 4868 1726 4934 fere
1785 4887 2073 4935 cccxxx.
2168 4888 2294 4951 quo
2361 4874 2647 4953 tempore
2715 4888 2857 4933 cum
2926 4869 3155 4952 viginti
3214 4870 3349 4935 1616
3405 4889 3607 4934 611608
3666 4874 3855 4933 66168

601 4992 774 5052 68861
815 4987 1153 5067 Decimus,
1221 4996 1391 5054 16616
1453 5008 1523 5053 86
1571 4990 1773 5055 virum
1819 4990 2026 5075 potuit
2069 4989 2319 5071 dicere,
2389 4988 2763 5074 praesertim
2811 5009 2952 5055 cum
2999 5011 3125 5056 non
3169 5013 3210 5055 a
3253 4990 3387 5057 veri
3433 4990 3853 5056 similitudine

596 5106 939 5173 abhorreat
980 5128 1125 5173 eum
1171 5108 1300 5172 iam
1345 5117 1476 5174 tum
1522 5110 1922 5176 matrimonio
1967 5131 2185 5177 8666111
2228 5109 2518 5176 iunxisse
2564 5109 2880 5176 Attusiam
2929 5111 3251 5176 Lucanam
3301 5111 3606 5177 Sabinam
3630 5117 3705 5194 ⁵).

3884 4093 4010 4135 s

600 5283 743 5292 ———-.

770 5385 817 5446 5)
859 5389 924 5435 cs.
966 5387 1184 5435 Paullini
1222 5388 1409 5435 Pellaei
1445 5403 1592 5437 carun.
1636 5389 1781 5437 66611.
1824 5404 1871 5436 ν.
1918 5388 2014 5437 176
2040 5403 2181 5457 860.)
2235 5391 2326 5437 ubi
2377 5391 2419 5437 is
2468 5403 2521 5438 86
2557 5403 2714 5437 annos
2752 5396 2924 5437 natum
2965 5389 3143 5450 viginti
3181 5403 3387 5438 uxorem
3423 5391 3628 5438 duxisse
3666 5395 3847 5439 narrat.

598 5496 666 5506 -—
704 5471 1037 5521 Professor-um
1075 5474 1514 5534 Burdigalensium
1553 5477 2066 5524 commemorationem
2105 5481 2216 5537 post
2252 5491 2296 5526 a.
2333 5489 2602 5524 cccnxxxv
2639 5477 2972 5538 conscriptam
3009 5490 3118 5524 6886
3155 5490 3218 5524 ex
3257 5490 3315 5525 eo
3351 5477 3681 5538 intellegitur,
3723 5476 3850 5538 quod

601 5557 717 5606 xv1
747 5559 794 5618 6,
828 5559 890 5607 37
919 5574 994 5622 sq.
1026 5562 1334 5622 supplicium
1359 5563 1420 5610 de
1447 5562 1779 5612 Priscillianis
1806 5570 2067 5627 sumptum
2094 5563 2402 5620 significatur
2442 5562 2526 5624 (of.
2559 5564 2620 5610 H.
2655 5562 2869 5611 Richter.
2903 5562 3005 5610 Das
3031 5563 3396 5612 westromlsche
3424 5563 3593 5622 Relch,
3623 5578 3671 5624 p.
3706 5562 3849 5624 035),

600 5643 833 5705 idemque
869 5646 1167 5708 opusculum
1204 5661 1317 5695 cum
1346 5647 1690 5696 parentalibus
1727 5654 1830 5696 arto
1867 5650 2068 5696 vinculo
2104 5649 2428 5696 coniunctum
2465 5664 2575 5698 esse
2601 5650 2858 5697 Ausonius
2884 5649 2991 5710 ipse
3017 5649 3208 5696 indicat
3236 5650 3375 5710 (xvl
3410 5647 3451 5708 1,
3487 5649 3555 5710 1).
3627 5651 3671 5696 si
3699 5651 3853 5709 igitur

601 5729 877 5779 Parentalia
912 5747 959 5782 a.
987 5746 1313 5780 cccnxxxnu
1350 5737 1619 5796 composita
1656 5743 1790 5797 sunt,
1837 5735 2037 5796 Sabina,
2081 5748 2207 5795 quae
2244 5736 2391 5782 annis
2427 5739 2633 5798 triginta
2670 5750 2758 5783 sex
2798 5741 2914 5783 ante
2951 5748 3100 5796 quam
3136 5735 3416 5782 Parentalia
3453 5737 3655 5798 scripsit
3688 5739 3852 5784 Auso-
