4630 6435
789 394 870 456 92
2259 389 2564 446 AVSONII

1253 601 1348 641 295
1452 581 1697 646 blanda
1741 580 2112 646 salutiferas
2157 579 2548 663 permiscent
2592 580 2778 644 litora
2822 598 3049 661 voces,

1455 691 1519 748 et
1562 704 1750 748 voces
1795 691 1858 749 et
1901 704 2108 768 paene
2152 704 2408 748 manus:
2467 683 2832 747 resonantia
2876 682 3195 764 utrimque

1453 788 1652 851 verba
1697 787 1894 852 refert
1936 787 2167 852 mediis
2213 805 2600 851 concurrens
2645 784 2943 851 fluctibus
2990 787 3171 851 echo.

1625 888 1785 965 Quis
1829 891 1994 974 potis
2039 890 2407 954 innumeros
2452 890 2786 971 cultusque
2833 888 3216 972 habitusque
3262 897 3563 955 retexens

1455 993 1736 1076 pandere
1782 993 2128 1058 tectonicas
2174 1013 2289 1077 per
2335 993 2595 1075 singula
2640 992 2910 1076 praedia
2954 992 3193 1057 formas
3210 1000 3237 1056 ἰ)

1251 1118 1345 1157 που
1453 1117 1576 1160 non
1623 1096 1743 1161 hoc
1788 1103 2049 1180 spernat
2090 1116 2250 1179 opus
2299 1095 2650 1179 Gortynius
2695 1096 2936 1178 aliger,
2992 1095 3176 1161 aedis

1452 1200 1737 1265 conditor
1781 1199 2128 1278 Euboicae,
2184 1217 2375 1263 casus
2421 1217 2610 1282 quem
2656 1197 2901 1281 fingere
2947 1199 3013 1263 in
3058 1220 3216 1265 auro

1451 1309 1785 1367 conantem
1833 1302 2073 1367 Icarios
2120 1302 2313 1386 patrii
2359 1302 2668 1385 pepulere
2716 1301 3006 1367 dolores:

1452 1427 1578 1470 non
1624 1406 1807 1471 Philo
1854 1405 2239 1487 CecropiuS,
2290 1425 2419 1469 non
2464 1406 2572 1488 qui
2621 1404 2925 1470 laudatus
2970 1407 3053 1471 ab
3101 1406 3284 1471 hoste

1451 1511 1628 1574 clara
1671 1509 1997 1592 Syracosii
2040 1509 2234 1574 traxit
2278 1508 2630 1573 certamina
2672 1508 2852 1573 belli.

1248 1636 1343 1673 :205
1454 1612 1670 1677 forsan
1717 1621 1782 1677 et
1823 1613 2112 1694 insignes
2157 1612 2614 1694 hominumque
2661 1632 3055 1696 operumque
3103 1614 3356 1678 labores

1452 1717 1554 1781 bic
1597 1716 1822 1780 habuit
1867 1715 2114 1780 decimo
2161 1715 2488 1780 celebrata
2532 1715 2854 1779 volumine
2899 1715 3138 1781 Marcei

1450 1819 1831 1898 hebdomas,
1888 1819 1992 1883 bic
2036 1818 2189 1883 clari
2237 1818 2504 1900 viguere
2549 1818 2934 1883 Menecratis
2979 1825 3152 1883 artes

1448 1929 1637 2005 atque
1687 1921 1925 2006 Ephesi
1970 1927 2258 2006 spectata
2301 1940 2533 1986 manus
2579 1921 2685 1985 vel
2731 1920 2797 1984 in
2842 1941 2990 1985 arce
3037 1921 3362 1987 Minervae

1448 2026 1721 2103 Ictinns,
1777 2024 2028 2107 magico
2075 2024 2176 2088 cui
2221 2033 2456 2089 noctua
2501 2023 2734 2107 perlita
2780 2024 2925 2090 fuco
3126 2092 3136 2106 ,

1245 2150 1339 2191 310
1448 2129 1652 2193 allicit
1694 2148 1880 2193 omne
1924 2147 2129 2211 genus
2174 2128 2469 2192 volucres
2514 2127 2898 2211 perimitque
2944 2127 3205 2193 tuendo.

1449 2231 1737 2297 conditor
1779 2231 1886 2295 hic
1932 2231 2149 2295 forsan
2194 2230 2387 2295 fuerit
2431 2229 2865 2295 Ptolomaidos
2912 2232 3103 2296 aulae

1449 2335 1878 2413 Dinochares,
1934 2333 2179 2416 quadro
2226 2333 2353 2397 cuii
2399 2333 2466 2397 in
2512 2332 2776 2416 fastigia
2823 2353 2979 2398 cono

1448 2439 1656 2521 surgit
1699 2445 1763 2503 et
1806 2437 1951 2521 ipsa
1994 2456 2144 2502 suas
2191 2436 2507 2501 consumit
2550 2436 2836 2520 pyramis
2880 2439 3172 2517 umbras,

1447 2541 1664 2606 iussus
1709 2542 1789 2606 ob
1836 2540 2061 2605 incesti
2107 2540 2217 2622 qui
2263 2540 2586 2621 quondam
2635 2539 2865 2605 foedus
2909 2541 3145 2605 amoris

1244 2667 1337 2705 :315
1446 2644 1761 2709 Arsinoen
1807 2643 2025 2708 Pharii
2072 2642 2410 2727 suspendit
2452 2642 2518 2707 in
2564 2650 2713 2707 aere
2759 2643 3007 2726 templi.

1448 2747 1651 2831 spirat
1693 2747 1861 2812 enim
1908 2747 2061 2812 tecti
2108 2745 2436 2812 testudine
2483 2766 2667 2811 corus
2713 2746 2981 2811 achates

1445 2849 1859 2931 afflatamque
1903 2849 2099 2914 trahit
2143 2849 2377 2915 ferrato
2424 2849 2597 2913 crine
2644 2849 2952 2933 puellam.

1446 2954 1564 3019 hos
1612 2974 1765 3037 ergo
1810 2961 1922 3018 ant
1967 2953 2192 3017 horum
2240 2951 2489 3018 similes
2536 2959 2635 3017 est
2678 2951 2940 3017 credere
2987 2953 3252 3038 dignum

1446 3059 1790 3139 Belgarum
1836 3056 1900 3121 in
1945 3056 2132 3121 terris
2180 3074 2451 3119 scaenas
2497 3056 2795 3139 posuisse
2841 3055 3207 3125 domorum.

1242 3177 1336 3219 320
1446 3160 1699 3226 molitos
1744 3161 1984 3238 celsas,
2040 3157 2220 3224 fluvii
2266 3158 2708 3238 decoramina,
2762 3159 2976 3224 villas.

1444 3264 1606 3328 haec
1652 3270 1750 3328 est
1793 3262 1995 3327 nativi
2040 3263 2334 3327 sublimis
2377 3263 2445 3327 in
2490 3282 2730 3345 aggere
2777 3263 2955 3342 saxi,

1444 3366 1604 3432 haec
1648 3366 2081 3450 procurrentis
2128 3366 2397 3430 fundata
2440 3365 2767 3449 crepidine
2813 3366 3024 3449 ripae,

1443 3471 1606 3536 haec
1649 3468 1888 3552 refugit
1932 3476 2317 3553 captumque
2365 3467 2508 3533 sinn
2558 3468 2681 3532 sibi
2727 3468 3013 3534 vindicat
3055 3490 3331 3534 amnem.

1440 3574 1558 3638 illa
1601 3581 1826 3639 tenens
1872 3572 2132 3652 collem,
2189 3572 2300 3654 qui
2347 3571 2660 3655 plurimus
2705 3571 2999 3638 imminet
3041 3573 3247 3652 amni,

1239 3696 1335 3737 325
1443 3684 1711 3760 usurpat
1755 3675 1982 3741 faciles
2027 3695 2143 3760 per
2189 3676 2397 3755 culta,
2451 3695 2567 3758 per
2611 3693 2846 3758 aspera
2890 3675 3069 3739 visus

1442 3786 1635 3861 utque
1683 3779 1816 3843 suis
1863 3778 2090 3843 fruitur
2136 3777 2292 3842 felix
2340 3777 2694 3861 speculatio
2740 3777 2948 3842 terris.

944 4058 1043 4107 298
1087 4059 1234 4119 Verg.
1263 4059 1439 4116 Georg.
1469 4059 1492 4104 I
1520 4057 1583 4105 52
1621 4058 1889 4118 cultusque
1925 4056 2232 4116 habitusque
2268 4055 2484 4102 locorum
2696 4053 2785 4103 301
2822 4068 2895 4115 sq.
2941 4057 3089 4114 Verg.
3120 4056 3248 4105 Aen.
3282 4056 3348 4102 Vl
3384 4056 3447 4105 32
3474 4070 3549 4118 sq.
3588 4059 3667 4106 bis
3693 4066 3901 4107 conatus
3927 4066 4039 4107 erat

771 4158 914 4191 casus
941 4145 1180 4202 effingere
1207 4145 1260 4191 in
1285 4158 1423 4204 auro,
1451 4144 1530 4190 bis
1555 4143 1743 4205 patriae
1769 4143 1992 4190 cecidere
2019 4156 2199 4190 manus
2359 4138 2459 4188 304
2499 4140 2648 4199 Verg.
2680 4142 2807 4190 Aen.
2839 4141 2887 4189 X
2915 4140 3016 4192 146
3041 4143 3315 4190 certamina
3340 4144 3461 4191 belli
3626 4142 3727 4192 314
3749 4158 3857 4205 sqq.
3898 4145 4030 4192 Plin.

772 4230 832 4278 N.
876 4231 938 4278 H.
980 4229 1235 4278 xxxnn
1276 4227 1372 4278 148
1582 4227 1682 4276 324
1722 4229 1873 4287 vorg.
1916 4229 2047 4277 Aen.
2088 4229 2112 4275 1
2149 4225 2250 4274 419
2287 4226 2462 4273 collem
2501 4228 2588 4287 qui
2627 4228 2876 4287 plurimus
2914 4229 3023 4274 urbi
3060 4229 3293 4276 imminet

944 4471 1043 4519 295
1081 4471 1247 4518 littora
1289 4469 1360 4519 Ζλ
1607 4468 1707 4517 296
1746 4482 1903 4529 poene
1940 4468 1984 4514 B
2194 4458 2438 4531 ntriiffiqne
2477 4464 2519 4511 G
2564 4467 2630 4527 (m
2667 4464 2779 4528 ηιῖ),
2823 4471 3064 4529 utrinque
3104 4468 3212 4530 BZ,
3256 4472 3473 4531 utruque
3512 4466 3541 4517 λ
3777 4467 3874 4517 29ῖ
3913 4482 4034 4516 con·

769 4558 923 4605 currit
948 4555 1071 4606 ΒΖλ
1248 4557 1397 4604 eccho
1422 4553 1487 4604 λ*
1695 4553 1794 4603 298
1831 4557 1944 4616 quis
1967 4557 2086 4602 mai.
2120 4556 2213 4601 litt.
2247 4557 2320 4601 in.
2355 4554 2414 4614 G,
2457 4553 2546 4613 qui
2573 4552 2689 4601 Par.
2720 4555 2861 4615 volyo
3035 4559 3202 4615 potest
3228 4551 3291 4602 λ*
3504 4553 3604 4602 299
3642 4551 3961 4622 theotonica
3992 4555 4035 4600 Ζ

768 4642 868 4692 300
904 4657 1003 4691 non
1039 4646 1161 4693 mai.
1201 4643 1294 4690 lm.
1337 4643 1405 4688 in,
1448 4641 1492 4687 B
1702 4630 1900 4702 spernat
1942 4640 1982 4685 Z
2190 4640 2436 4700 gortinius
2473 4636 2615 4698 Gm,
2656 4640 2901 4699 gertinins
2942 4640 2982 4685 Z
3192 4629 3304 4687 ἓᾱὶε
3342 4639 3386 4686 12
3598 4639 3689 4690 301
3736 4630 3955 4702 mugeto
3993 4641 4036 4687 Z

768 4728 866 4776 302
905 4730 1114 4790 iscarios
1158 4729 1220 4790 G,
1259 4729 1446 4786 ycarios
1488 4727 1529 4772 Z
1743 4726 1840 4775 303
1879 4726 2111 4774 laudatur
2148 4723 2222 4774 Ζλ
2433 4714 2577 4788 ὴοξῐο
2615 4726 2660 4771 R
2871 4724 2970 4773 304
3009 4726 3249 4784 syracosii
3290 4725 3394 4786 ΘΒ,
3436 4726 3663 4774 siracusii
3704 4728 3766 4788 Z,
3807 4727 4032 4774 siracusn

767 4813 795 4863 λ
826 4816 937 4876 (-sii
962 4812 1074 4876 m2),
1117 4814 1359 4873 Syracosii
1397 4813 1512 4862 Par.
1727 4811 1826 4860 306
1864 4812 2124 4860 uolumina
2150 4809 2257 4860 Ζλ*
2469 4812 2651 4870 margei
2695 4810 2784 4856 ΘΒ
2819 4810 2906 4872 (cf.
2949 4809 2997 4858 Ο.
3033 4812 3077 4858 Ι.
3107 4810 3166 4857 L.
3204 4810 3230 4856 1
3252 4812 3415 4859 1014:
3458 4810 3665 4872 Margei,
3707 4827 3765 4860 ex
3789 4810 4035 4872 lapicidae

764 4914 939 4960 errore,
980 4917 1025 4950 υ.
1065 4901 1237 4961 1013),
1278 4914 1386 4947 mar
1416 4899 1522 4956 (rel.
1552 4900 1790 4958 abscissis)
1834 4899 1892 4959 Z,
1936 4898 2120 4958 mergei
2159 4895 2208 4959 λ,
2249 4897 2399 4945 Marci
2439 4897 2755 4946 Pulmannus
2791 4897 2931 4956 volyo
3142 4895 3241 4944 307
3278 4896 3611 4944 hebdomadas
3637 4897 3700 4958 B,
3738 4897 4035 4945 ebdomadas

766 4985 813 5048 λ,
856 4988 1085 5034 ebdomas
1129 4985 1239 5048 Uy„
1281 4986 1549 5033 hebdomas
1593 4983 1860 5033 Vindobon.
1910 4983 1981 5042 (aa
2017 4998 2074 5031 ea:
2109 4984 2243 5043 adas)
2461 4989 2772 5031 menecratos
2810 4982 2953 5030 codd.
2996 4996 3121 5030 corr.
3163 4981 3298 5031 Seal.
3519 4980 3620 5032 308
3657 4979 3762 5049 vel]
3788 4985 3895 5031 'tibi
3930 4981 3961 5032 λ

765 5074 817 5120 in
843 5069 976 5138 arce]
1012 5087 1170 5120 marce
1197 5068 1261 5122 λ*
1474 5070 1573 5119 309
1611 5072 1831 5118 bietinus
1864 5070 1922 5129 G,
1964 5070 2190 5118 hictinus
2215 5067 2338 5117 ΒΖλ
2541 5067 2639 5116 'cui
2667 5068 2874 5127 'magico
2904 5068 2946 5114 Z
3142 5070 3306 5116 noctia
3334 5069 3376 5115 Z
3575 5070 3683 5116 saco
3708 5065 3757 5132 λ,
3798 5070 3904 5116 foco
3937 5067 4027 5127 [79.

767 5157 861 5207 311
903 5158 1131 5207 conditor
1164 5161 1285 5206 mai.
1328 5159 1424 5206 lm.
1459 5161 1530 5206 in.
1562 5155 1604 5202 0
1813 5158 1937 5204 hinc
1961 5155 2002 5202 G
2215 5155 2515 5217 ptolomaide
2553 5153 2614 5217 G,
2658 5154 2988 5202 Ptolemaidos
3015 5153 3133 5203 Par.
3166 5156 3307 5215 volvo
3517 5153 3617 5204 312
3653 5155 3844 5216 quadra
3879 5156 3960 5201 cui
3987 5152 4031 5198 G

764 5244 953 5304 quadra
992 5245 1072 5290 cni
1114 5244 1173 5303 B,
1217 5245 1401 5306 quadro
1437 5245 1517 5291 cui
1563 5243 1603 5288 Z
1637 5245 1796 5304 volyo,
1840 5242 1986 5290 cedro
2028 5245 2140 5304 (om.
2183 5242 2280 5303 cni)
2326 5239 2375 5303 λ,
2417 5242 2604 5302 quadro
2642 5242 2747 5288 cuii
2792 5240 2928 5300 Tou,
2970 5241 3052 5287 cui
3089 5241 3328 5300 quadrata
3364 5240 3631 5300 Boeckiny,
3672 5241 3911 5303 quadrata
3947 5241 4031 5287 cui

762 5329 937 5390 Peipcr
1141 5330 1298 5378 chono
1324 5332 1365 5378 Z
1392 5332 1438 5391 (o
1461 5345 1535 5390 pr.
1567 5343 1624 5376 ex
1649 5331 1723 5390 u),
1754 5342 1905 5378 conor
1925 5326 1954 5377 λ
2133 5327 2231 5376 313
2259 5329 2369 5390 ipse
2395 5325 2424 5376 λ
2602 5341 2719 5375 suos
2748 5328 2789 5373 Z
2965 5324 3065 5373 314
3091 5328 3153 5374 ab
3178 5324 3207 5375 λ
3384 5327 3535 5389 fedus
3565 5328 3604 5373 Z
3785 5326 3885 5375 315
3911 5326 4033 5389 pha·

764 5433 852 5480 riis
896 5432 938 5478 Z
1146 5431 1245 5481 316
1283 5434 1457 5482 chorus
1484 5432 1627 5495 GM,
1668 5437 1804 5481 totns
1835 5433 1894 5493 Z,
1937 5446 2078 5480 corus
2105 5431 2269 5490 Imyd.
2487 5429 2585 5478 317
2626 5430 2966 5491 afflictamque
3000 5428 3118 5477 Par.
3148 5429 3289 5490 volyo
3500 5402 3668 5491 tliahit
3698 5429 3739 5475 G
3948 5444 4030 5477 se-

762 5524 868 5566 rato
893 5519 953 5576 B,
985 5520 1140 5566 ferato
1164 5516 1226 5568 λ*
1413 5518 1511 5569 318
1548 5520 1638 5568 hos
1661 5522 1782 5568 mai.
1811 5521 1907 5566 lm.
1939 5521 2010 5566 in.
2042 5519 2083 5563 G
2271 5516 2371 5566 319
2410 5531 2584 5565 scenas
2609 5515 2751 5563 codd.
2937 5513 3037 5563 320
3077 5515 3390 5563 decoramine
3414 5511 3490 5564 B).
3665 5513 3761 5563 321
3807 5511 3907 5580 est]
3933 5522 4031 5563 stat

764 5605 1029 5652 Markland
1202 5612 1382 5653 natura
1404 5605 1546 5654 codd.
1580 5605 1727 5667 (quod
1750 5604 1966 5664 sortasse
1991 5602 2193 5664 defendi
2213 5604 2415 5665 potest),
2449 5603 2607 5650 nativi
2636 5600 2797 5662 Luyd.
3001 5599 3103 5648 322
3140 5606 3491 5663 procurrentes
3516 5600 3545 5650 λ
3755 5599 3856 5649 323
3898 5614 4028 5648 uen-

759 5691 891 5738 dicat
930 5692 970 5738 Z
1181 5691 1280 5740 324
1319 5693 1422 5739 nlla
1457 5698 1606 5739 tenus
1644 5690 1672 5740 λ
1883 5692 2018 5737 amni
2060 5690 2104 5736 Β
2149 5691 2278 5751 (amn
2318 5692 2371 5737 in
2400 5692 2522 5748 rm.)
2739 5686 2837 5735 326
2874 5693 3025 5749 atque
3069 5686 3109 5731 Z
3319 5687 3440 5734 felix
3481 5686 3540 5745 G,
3583 5687 3726 5733 diues
3764 5691 3854 5735 cet.
3886 5687 4029 5746 υοὶρο
