4630 6435
1149 431 1539 490 APPENDIX
1582 436 1666 501 (V.
1708 436 2073 494 MERVLAE
2109 438 2210 492 ΕΤ
2245 437 2574 495 VGOLETI
2609 437 3205 502 EPIGRAMMATA).
3676 445 3793 506 '261

1935 799 2048 863 DE
2094 800 2413 864 EADEM.

781 968 1121 1032 XXVIIII.
1224 970 1328 1035 Me
1372 970 1610 1036 vitulus
1658 991 1924 1038 cernens
1969 971 2332 1057 immugiet,
2387 972 2586 1037 irruet
2631 973 2694 1036 in
2740 994 2842 1038 me
3737 994 3801 1042 63

1395 1079 1616 1139 taurus
1661 1094 1925 1155 amans,
1978 1082 2195 1159 pastor
2240 1097 2383 1141 cum
2430 1096 2628 1161 grege
2674 1076 2880 1141 mittet
2924 1096 3150 1163 agens

1934 1420 2050 1484 DE
2096 1420 2415 1484 EODEM.

905 1589 1119 1654 XXX.
1225 1590 1545 1674 Daphnen
1589 1598 1654 1655 et
1696 1592 1947 1656 Nioben
1995 1592 2256 1657 saltavit
2301 1591 2526 1656 simius
2570 1591 2776 1669 idem,
3741 1610 3804 1659 85

1394 1693 1650 1777 ligneus
1695 1701 1763 1759 ut
1807 1694 2115 1779 Daphne,
2170 1714 2408 1760 saxeus
2457 1701 2524 1760 ut
2568 1696 2795 1761 Niobe.

1426 2038 1518 2101 IN
1565 2037 1893 2103 DELIAM
1941 2038 2576 2105 LASCIVIENTEM
2624 2039 2923 2107 CVLTV.

873 2210 1120 2274 XXXI.
1226 2211 1452 2291 Delia,
1506 2229 1622 2275 nos
1666 2210 2004 2287 miramur,
2062 2219 2126 2276 et
2171 2219 2271 2278 est
2314 2211 2644 2294 mirabile,
2698 2212 2870 2295 quod
2915 2217 3043 2276 tam
3140 2198 3145 2201 ’
3714 2229 3807 2279 104

1399 2313 1748 2380 dissimiles
1793 2314 1948 2380 estis
1993 2321 2186 2397 tuque
2232 2335 2535 2397 sororque
2579 2320 2711 2380 tua.

1221 2417 1386 2482 haec
1431 2416 1650 2485 habitu
1699 2426 1906 2499 east0,
1964 2439 2105 2483 eum
2151 2438 2276 2483 non
2324 2418 2440 2497 sit,
2495 2425 2674 2486 casta
2718 2418 3003 2499 videtur,

1394 2527 1464 2588 tu
1509 2528 1766 2607 praeter
1811 2522 2052 2588 cultum
2098 2522 2187 2587 nil
2235 2521 2591 2588 meretricis
2637 2522 2860 2588 habes.

1094 2646 1117 2682 -η
1223 2644 1367 2689 eum
1414 2623 1573 2689 casti
1617 2643 1824 2689 mores
1872 2624 1986 2690 tibi
2031 2623 2196 2703 sint,
2249 2624 2400 2689 huie
2444 2625 2654 2690 cultus
2699 2624 3042 2707 honestus,

1393 2733 1458 2791 te
1502 2733 1720 2792 tamen
1766 2733 1831 2790 et
1876 2727 2083 2791 cultus
2129 2727 2393 2792 damnat
2438 2734 2504 2794 et
2549 2733 2730 2792 aetus
2776 2748 2942 2792 eam.

1908 3070 2026 3135 AD
2073 3070 2450 3137 GALLAM.

842 3243 1121 3310 XXXII.
1226 3244 1438 3326 Vado,
1492 3243 1609 3309 sed
1654 3244 1793 3310 sine
1839 3264 1978 3324 me,
2031 3243 2184 3326 quia
2228 3248 2292 3309 te
2336 3244 2512 3325 sine,
2564 3264 2683 3309 nee
2727 3244 2854 3308 nisi
2897 3251 3108 3310 tecum
3718 3267 3813 3316 105

1400 3353 1570 3413 totus
1616 3367 1759 3431 ere,
1811 3367 1962 3433 pars
2008 3367 2151 3413 eum
2197 3347 2315 3411 sim
2362 3347 2602 3426 altera,
2660 3347 2889 3429 Galla,
2941 3348 3058 3414 tui.

1225 3450 1393 3520 vado
1438 3456 1683 3531 tamen,
1740 3450 1856 3516 sed
1903 3447 2237 3530 dimidius,
2293 3448 2461 3514 vado
2508 3450 2710 3514 minor
2754 3450 2897 3534 ipso

1399 3552 1666 3618 dimidio
1709 3573 1829 3619 nec
1874 3574 1976 3619 me
2018 3553 2149 3617 iam
2193 3553 2376 3617 locus
2421 3571 2586 3617 unus
2631 3553 2849 3619 habet.

1094 3680 1121 3719 a
1225 3678 1372 3722 nam
1419 3664 1630 3722 tecum
1678 3657 1813 3721 fere
1856 3662 2027 3722 totus
2073 3675 2213 3735 er03
2268 3675 2670 3738 quocumque
2717 3656 3047 3738 recedam,

1399 3779 1552 3844 pars
1597 3759 1812 3825 veniet
1856 3778 2102 3825 meeum
2150 3759 2733 3842 quantulacumque
2779 3760 2926 3825 mei.

1229 3883 1492 3949 separor
1537 3880 1701 3928 unus
1747 3883 1899 3946 eg0,
1956 3860 2073 3927 sed
2117 3868 2368 3946 partem
2414 3880 2596 3928 sumo
2641 3863 2948 3928 minorem

1398 3967 1538 4053 ipse
1584 3965 1748 4045 mei,
1802 3971 2009 4030 tecum
2057 3983 2211 4050 pars
2258 3983 2404 4029 mea
2446 3965 2649 4030 maior
2693 3966 2849 4030 abit.

1147 4153 1152 4158 ἱ
1228 4069 1282 4134 si
1329 4068 1623 4148 redeam,
1677 4068 1795 4133 tibi
1839 4074 2009 4134 totus
2055 4089 2191 4133 ero:
2247 4087 2400 4152 pars
2445 4069 2628 4133 nulla
2672 4069 2959 4150 vacabit,

1063 4196 1119 4236 ιο
1398 4191 1566 4253 quae
1610 4191 1757 4236 mox
1803 4191 1932 4237 non
1977 4170 2200 4236 redeat
2240 4169 2309 4235 in
2355 4177 2468 4236 tua
2513 4171 2673 4236 iura.
2769 4172 2939 4237 vale.

731 4536 1001 4586 XXVIIII.
1076 4535 1231 4584 Anth.
1275 4535 1376 4583 Pal.
1421 4534 1571 4582 VIIII
1610 4533 1710 4582 730
1751 4535 1911 4592 (Plan.
1953 4534 2054 4582 1111
2093 4533 2140 4596 7,
2190 4533 2250 4583 18
2290 4529 2588 4601 Δημητρίου
2630 4531 2901 4596 Βιθυνοῦ)ι

1372 4608 1473 4671 Ἦν
1511 4612 1565 4686 μ’
1607 4615 1748 4690 ἐσίδῃ
1788 4617 2010 4691 μόσχος,
2056 4618 2369 4687 μυκήσεται·
2406 4615 2473 4685 ἢν
2511 4616 2568 4670 δέ
2603 4636 2660 4687 γε
2696 4622 2911 4686 ταῦρος,

1521 4702 1757 4772 βήσεται·
1796 4701 1860 4770 ἢν
1898 4702 1955 4755 δὲ
1988 4703 2202 4772 νομεύς,
2250 4704 2324 4763 εἰς
2362 4702 2547 4773 ἀγέλαν
2587 4702 2773 4756 ἐλάσει.

730 4792 898 4843 XXX.
973 4792 1134 4841 Anth.
1173 4792 1282 4842 Pal.
1323 4793 1396 4840 XI
1433 4789 1532 4839 255
1577 4791 1732 4854 (Plan.
1773 4793 1823 4839 Π
1861 4792 1943 4853 38,
1988 4793 2017 4840 3
2056 4788 2353 4852 Παλλαὸἇ)ε

1388 4873 1598 4946 Δάφνην
1635 4875 1722 4927 καὶ
1757 4872 1954 4944 Νιόβην
1992 4876 2265 4947 ὠρχήσατο
2303 4871 2513 4946 Μέμφις
2551 4874 2577 4927 ὁ
2616 4875 2789 4944 σιμός,

1519 4962 1590 5020 ὡς
1627 4959 1823 5023 ξύλινος
1859 4958 2069 5030 Δάφνην
2090 5001 2104 5027 ,
2150 4961 2221 5020 ὡς
2256 4957 2449 5019 λίθινος
2484 4957 2698 5030 Νιόβην.

740 5048 958 5097 XXXII.
1038 5048 1068 5098 2
1106 5049 1222 5100 Hor.
1267 5049 1360 5097 Od.
1407 5051 1455 5098 11
1498 5049 1577 5111 17,
1620 5051 1648 5098 5
1676 5063 1752 5110 sq.
1792 5064 1838 5109 a,
1879 5054 1930 5098 te
1967 5063 2107 5098 meae
2143 5050 2188 5098 si
2223 5055 2419 5112 partem
2455 5051 2651 5099 animae
2687 5052 2817 5113 rapit
2856 5053 3092 5099 maturior
3128 5053 3222 5112 vis,
3263 5052 3384 5113 quid
3422 5066 3579 5100 moror
3614 5054 3770 5101 altera

731 5392 999 5442 XXVIIII.
1075 5391 1106 5441 2
1146 5393 1350 5454 (mittet)
1393 5407 1565 5442 amans
1609 5393 1719 5455 Uq„
1762 5408 1913 5452 agens
1952 5393 2082 5443 θοαὶ.

731 5479 896 5528 XXX.
980 5480 1292 5528 conlocatum
1322 5485 1434 5541 post
1468 5483 1620 5542 φέρι
1665 5480 1929 5527 LXXXXI

730 5565 924 5616 XXXI.
1004 5565 1239 5614 Carmina
1274 5567 1660 5613 XXXI—XXX
1675 5566 1710 5612 V
1744 5568 1926 5614 inserta
1957 5570 2069 5627 post
2104 5569 2256 5626 epiur.
2305 5567 2435 5615 CVI.
2518 5568 2591 5614 De
2632 5568 2822 5614 Deliam
2870 5567 2984 5627 Cy„
3036 5569 3115 5616 Ad
3156 5569 3350 5616 Deliam
3397 5567 3558 5628 Ven.⁴,
3613 5571 3667 5616 ln
3711 5571 3811 5617 De-

559 5651 677 5698 liam
713 5653 901 5711 sev-spat,
944 5653 1004 5698 In
1041 5652 1165 5700 duas
1202 5666 1389 5700 sorores
1425 5654 1729 5701 diversorum
1766 5665 1955 5700 morum
1996 5651 2113 5702 Par.
2158 5654 2295 5716 volqo
2516 5651 2533 5702 1
2580 5666 2663 5699 vos
2701 5652 2814 5702 Par.
2857 5655 2998 5717 volqo
3207 5657 3237 5705 3
3276 5657 3412 5704 abitu
3460 5656 3547 5715 vy.

732 5736 954 5790 xxxll.
1035 5736 1052 5787 l
1098 5738 1238 5788 Vado
1274 5752 1362 5805 ego
1400 5738 1633 5788 Heinsius
