4630 6435
1358 464 1584 518 LIBER
1621 462 2189 519 PROTREPTICVS
2226 459 2334 517 AD
2373 463 2720 518 NEPOTEM
2759 465 2952 528 (xm).
3701 468 3778 528 37

1199 653 1371 720 iusta
1415 651 1775 720 laboriferis
1820 652 2180 719 tribuantur
2224 659 2295 719 ut
2338 652 2471 720 otia
2517 652 2741 719 musis.

1198 777 1324 840 quo
1367 755 1578 840 magis
1621 757 1939 822 alternum
1986 763 2197 823 certus
2244 757 2593 824 succedere
2639 757 2863 823 ludum

1201 860 1378 925 disce
1424 859 1669 925 libens:
1720 860 1981 942 longum
2029 859 2395 927 delenitura
2441 861 2725 926 laborem

1037 985 1094 1025 ιο
1200 964 1542 1030 intervalla
1583 962 1835 1028 damus.
1929 963 2214 1029 studium
2261 964 2511 1049 puerile
2556 963 2830 1047 fatiscit,

1201 1068 1375 1132 laeta
1417 1066 1544 1133 nisi
1586 1067 1863 1133 austeris
1907 1067 2265 1149 varientur,
2324 1067 2493 1134 festa
2537 1067 2860 1153 profestis.

1202 1170 1378 1236 disce
1424 1170 1668 1237 libens:
1718 1170 1926 1236 tetrici
1970 1190 2089 1237 nec
2134 1172 2573 1256 praeceptoris
2618 1172 2908 1238 habenas

1203 1274 1550 1356 detestere,
1605 1294 1829 1359 nepos.
1924 1294 2274 1356 numquam
2321 1274 2582 1341 horrida
2626 1275 2830 1340 forma
2878 1274 3189 1359 magistri.

1201 1378 1312 1442 ille
1357 1376 1509 1444 licet
1552 1376 1754 1442 tristis
1799 1377 1980 1443 senio
2025 1397 2146 1443 nec
2189 1398 2345 1443 voce
2392 1397 2656 1444 serenus

1039 1502 1096 1542 ιτ»
1200 1500 1433 1565 aspera
1477 1487 1843 1546 contractae
1889 1479 2215 1546 minitetur
2258 1480 2472 1565 iurgia
2517 1480 2778 1561 frontis,

1203 1605 1549 1668 numquam
1595 1584 1874 1650 inmanis
1921 1585 2078 1662 erit,
2131 1585 2395 1670 placida
2439 1585 2780 1651 suetudine
2826 1587 3044 1653 vultus

1203 1688 1353 1771 quoi
1398 1689 1599 1754 semel
1643 1688 1944 1754 inbuerit.
2039 1708 2235 1773 rugas
2281 1689 2548 1755 nutricis
2595 1690 2870 1770 amabit,

1203 1792 1310 1875 qui
1356 1791 1599 1875 refugit
1641 1799 1930 1857 matrem.
2028 1812 2274 1876 pappos
2325 1792 2635 1876 aviasque
2680 1799 3030 1859 trementes

1202 1896 1568 1962 anteferunt
1611 1896 1901 1979 patribus
1947 1896 2108 1977 seri,
2165 1915 2333 1961 nova
2380 1916 2566 1979 cura,
2624 1902 2913 1982 nepotes,

1033 2018 1094 2059 20
1204 2000 1297 2064 sic
1341 2019 1546 2081 neque
1592 1998 1904 2065 Peliaden
1950 1999 2233 2065 terrebat
2277 1999 2518 2065 Chiron
2562 1999 2882 2066 Achillem

1202 2102 1581 2168 Thessalico
1626 2103 1981 2186 permixtus
2028 2123 2193 2185 equo
2238 2122 2360 2169 nec
2407 2102 2644 2187 pinifer
2689 2103 2920 2168 Atlans

1200 2202 1840 2291 Amphitryoniadem
1885 2227 2186 2291 puerum,
2243 2213 2345 2272 set
2385 2206 2667 2272 blandus
2713 2213 2983 2289 uterque

1198 2308 1461 2375 mitibus
1506 2309 1824 2393 adloquiis
1869 2316 2124 2376 teneros
2169 2310 2495 2377 mulcebat
2537 2311 2853 2376 alumnos.

1198 2419 1268 2478 tu
1314 2433 1565 2495 quoque
1610 2433 1691 2479 ne
1736 2419 2020 2495 metuas,
2073 2413 2372 2497 quamvis
2419 2413 2644 2480 schola
2688 2415 2954 2481 verbere
3000 2415 3198 2480 multo

1033 2535 1094 2577 25
1198 2516 1489 2601 increpet
1532 2524 1596 2582 et
1639 2517 2006 2582 truculenta
2051 2537 2252 2583 senex
2297 2524 2484 2601 gerat
2528 2538 2641 2583 ora
2686 2518 3015 2601 magister.

1201 2618 1556 2703 degeneres
1602 2619 1853 2686 animos
1897 2620 2088 2686 timor
2128 2620 2378 2705 arguit:
2434 2627 2503 2687 at
2546 2621 2664 2686 tibi
2710 2627 2936 2686 consta

1199 2722 1593 2808 intrepidus,
1645 2744 1766 2790 nec
1809 2731 1873 2789 te
1919 2724 2159 2789 clamor
2203 2725 2570 2809 plagaeque
2616 2730 2922 2791 sonantes

1201 2847 1319 2893 nec
1363 2825 1693 2892 matutinis
1738 2825 1942 2909 agitet
1986 2825 2261 2893 formido
2306 2827 2426 2893 sub
2473 2827 2669 2893 horis.

1203 2930 1375 3015 quod
1421 2937 1741 3016 sceptrum
1786 2930 1997 2997 vibrat
2040 2930 2323 3013 ferulae,
2377 2930 2548 3014 quod
2592 2932 2799 2996 multa
2843 2932 3140 3016 supellex

1035 3053 1095 3094 ao
1201 3034 1457 3118 virgea,
1509 3032 1682 3118 quod
1725 3033 1929 3101 fallax
1976 3034 2282 3101 scuticam
2329 3034 2647 3120 praetexit
2689 3036 2902 3115 aluta,

1199 3137 1372 3223 quod
1414 3136 1669 3203 fervent
1710 3137 1956 3223 trepido
2001 3138 2315 3203 subsellia
2360 3144 2578 3204 vestra
2622 3139 2934 3220 tumultu,

1201 3262 1439 3328 pompa
1482 3242 1606 3307 loci
1648 3246 1713 3308 et
1755 3242 1907 3308 vani
1954 3242 2209 3308 fucatur
2250 3261 2491 3308 scaena
2535 3241 2803 3308 timoris.

1203 3346 1364 3411 haec
1408 3346 1562 3411 olim
1608 3344 1985 3429 genitorque
2029 3352 2177 3411 tuus
2221 3345 2646 3429 genetrixque
2692 3345 2893 3413 secuti

1202 3467 1491 3514 securam
1536 3448 1795 3533 placido
1841 3448 1998 3513 mihi
2044 3450 2442 3534 permulsere
2487 3447 2831 3516 senectam.

1036 3570 1095 3612 35
1201 3560 1269 3619 tu
1315 3552 1595 3632 senium,
1650 3552 2097 3636 quodcumque
2143 3553 2705 3637 superlabentibus
2752 3553 2940 3618 annis

1202 3655 1339 3723 fata
1381 3656 1658 3739 dabunt,
1710 3656 1821 3740 qui
1863 3676 2095 3722 nomen
2140 3655 2247 3722 avi
2291 3657 2499 3740 geris,
2552 3656 2770 3722 indole
2817 3657 3060 3742 prima,

708 3893 768 3950 2.
845 3896 909 3946 19
948 3898 1095 3959 Verg.
1127 3898 1306 3959 Georg.
1335 3899 1385 3947 11
1412 3899 1478 3951 58
1505 3901 1630 3947 seris
1658 3935 1671 3948 .
1702 3934 1715 3949 .
1751 3935 1764 3949 .
1795 3901 2065 3962 nepotibus
2251 3900 2382 3948 Aen.
2414 3900 2487 3947 111
2517 3898 2616 3948 505
2643 3913 2761 3948 cura
2786 3904 2995 3961 nepotes
3181 3901 3248 3950 20
3274 3915 3382 3962 sqq.
3426 3901 3551 3950 Stat.
3586 3900 3711 3948 Silv.
3743 3901 3789 3947 11

540 3982 584 4044 1,
615 3981 679 4031 88
706 3998 816 4046 sqq.
858 3990 1030 4035 tenero
1066 3988 1139 4033 sic
1173 3986 1387 4034 blandus
1424 3986 1611 4034 Achilli
1646 3986 1852 4035 semifer
1888 3986 2221 4034 Haemonium
2261 3987 2492 4034 vincebat
2530 3986 2680 4035 Pelea
2717 3986 2900 4034 Chiron
2943 4022 2955 4035 .
2986 4024 2997 4035 .
3030 4022 3044 4037 .
3088 3987 3174 4036 sed
3211 4001 3319 4035 caro
3355 3988 3581 4036 Phoenix
3619 3987 3793 4036 haere-

536 4073 621 4119 bat
655 4071 855 4119 alumno
1121 4072 1181 4122 21
1225 4073 1374 4133 Verg.
1416 4075 1546 4122 Aen.
1588 4074 1689 4122 1111
1727 4071 1826 4122 248
1852 4087 1928 4134 sq.
2195 4071 2262 4121 26
2301 4072 2452 4133 Verg.
2495 4074 2625 4120 Aen.
2668 4072 2768 4120 1111
2812 4070 2873 4120 13
2909 4072 3181 4133 degeneres
3218 4073 3409 4121 animos
3446 4075 3595 4122 timor
3630 4075 3793 4133 arguit

537 4154 603 4204 29
640 4157 780 4206 Mart.
824 4158 873 4207 X
911 4156 994 4220 62,
1031 4157 1092 4207 10
1129 4160 1420 4220 ferulaeque
1459 4160 1647 4222 tristes,
1690 4165 1885 4221 sceptra
1923 4159 2312 4221 paedagogorum
2525 4157 2590 4206 30
2631 4160 2782 4219 Verg.
2825 4159 3002 4220 Georg.
3045 4160 3068 4206 1
3101 4157 3195 4208 165
3234 4160 3402 4221 virgea
3429 4195 3441 4209 .
3475 4197 3485 4208 .
3522 4196 3532 4207 .
3564 4160 3792 4222 supellex

708 4365 739 4414 7
777 4365 1058 4413 laberit’eris
1095 4362 1124 4416 λ
1353 4366 1454 4414 otia
1499 4367 1541 4414 V
1579 4367 1622 4428 (o
1657 4381 1714 4414 cx
1750 4380 1785 4413 u
1820 4363 1913 4426 m2)
2109 4357 2173 4413 '8
2212 4365 2345 4426 quod
2393 4365 2435 4412 V
2659 4363 2691 4412 9
2728 4364 2906 4412 ludum
2940 4361 3002 4426 p³
3041 4364 3262 4426 (longum
3297 4363 3389 4426 m2)
3604 4365 3791 4413 delini-

533 4457 646 4499 tura
691 4453 744 4513 V,
805 4451 1094 4499 delimitura
1130 4451 1191 4514 P,
1249 4453 1534 4501 delanitura
1571 4449 1600 4501 λ
1902 4449 2102 4517 10-12
2139 4465 2232 4499 om.
2289 4452 2333 4499 V
2626 4449 2687 4499 10
2724 4450 2924 4498 fatescit
2961 4447 3060 4496 ΡΙι3
3358 4450 3413 4499 11
3455 4451 3710 4514 prophetis
3751 4451 3793 4497 T

539 4535 600 4585 13
637 4537 834 4585 destere
877 4537 935 4597 Τ,
975 4538 1216 4586 detistere
1254 4535 1283 4587 λ
1516 4551 1679 4600 nepus
1721 4534 1817 4585 Ρ1ι3
2046 4534 2206 4585 οπὶᾱᾰ
2252 4537 2306 4598 V,
2348 4536 2510 4585 orrida
2548 4535 2592 4582 P
2797 4538 2851 4583 in
2887 4535 2972 4583 hoc
3006 4549 3149 4583 versu
3183 4537 3372 4585 desinit
3411 4534 3463 4582 ἠδ
3498 4538 3571 4584 his
3607 4536 3791 4584 additis

533 4621 689 4684 explt'
727 4636 912 4684 grypus
1173 4623 1234 4671 15
1269 4637 1443 4686 aspere
1480 4620 1570 4685 21²³
1813 4625 2032 4671 minetur
2074 4623 2114 4668 T
2358 4605 2530 4685 gui-gia
2577 4623 2620 4670 V
2656 4624 2695 4684 (i
2731 4619 2845 4682 m2),
2889 4623 3018 4682 iurgi
3055 4621 3099 4668 P
3310 4621 3371 4670 16
3407 4623 3640 4669 immanis
3678 4637 3720 4670 ω

535 4709 716 4770 placita
741 4709 1014 4759 suetudine
1043 4708 1142 4769 VP,
1173 4710 1339 4771 placet
1365 4711 1574 4772 (placeat
1604 4711 1659 4770 T)
1689 4709 2019 4758 assuetudine
2047 4708 2400 4770 (adsuetudine
2428 4706 2474 4771 λ)
2503 4706 2621 4770 ωρθ,
2652 4709 2849 4770 placida
2875 4707 3074 4770 (placita
3097 4709 3254 4769 volyo)
3284 4708 3609 4757 assuetudine
3635 4707 3791 4757 Barth

533 4796 675 4854 votyo
852 4795 913 4844 17
939 4797 1026 4858 qui
1050 4795 1213 4858 codd„
1244 4799 1363 4858 quoi
1392 4796 1665 4844 Mommsen
1839 4795 2078 4843 imbuerit
2104 4793 2189 4843 Ρω
2368 4808 2524 4855 nugas
2557 4795 2598 4840 T
2780 4792 2841 4842 18
2867 4799 3165 4843 trementem
3195 4794 3239 4841 Ρ
3427 4792 3487 4841 19
3513 4784 3717 4856 nep⁰tes
3757 4796 3797 4842 V

542 4887 585 4938 (o
607 4878 699 4943 m2)
914 4880 979 4930 20
1016 4881 1269 4943 pelliaden
1297 4880 1342 4945 λ,
1386 4882 1650 4931 belliadem
1681 4882 1734 4943 T,
1776 4880 1977 4942 peliden
2002 4882 2121 4941 (·em
2145 4881 2245 4940 mu)
2278 4881 2365 4945 χΕ
2539 4880 2751 4929 achillea
2777 4881 2957 4940 chyron
2985 4896 3026 4929 ω
3053 4882 3196 4941 volvo
3371 4879 3577 4928 Peliden
3606 4878 3791 4927 Chiron

537 4969 748 5016 terrebat
786 4968 1032 5016 Achillem
1072 4967 1207 5016 Set-al.
1421 4967 1480 5016 21
1524 4968 1752 5016 tessalico
1787 4969 1839 5027 V,
1884 4966 2124 5014 thesalico
2163 4965 2208 5013 Ρ
2415 4967 2613 5028 ’ᾗηιὶἰοι-’
2651 4966 2696 5013 Ρ
2901 4966 3025 5015 atlas
3072 4967 3126 5025 V,
3167 4966 3366 5013 athlans
3404 4963 3494 5027 Ρλ,
3536 4966 3662 5013 atlas
3698 4969 3784 5014 cet.

533 5055 674 5115 volyo
903 5053 968 5103 22
1004 5037 1358 5102 ιηῆῐήοηὶιάὲ
1405 5056 1459 5114 V,
1500 5052 1952 5114 amphitrioniaden
1998 5052 2122 5112 (·em
2154 5052 2212 5113 Τ)
2254 5051 2362 5115 ΡΤ,
2405 5052 2888 5114 amphytrioniadem
2926 5049 2954 5100 λ
3166 5051 3254 5099 sed
3295 5050 3381 5100 Ρω
3593 5046 3791 5098 blandis

547 5141 585 5186 V
625 5140 670 5198 (v
705 5137 794 5202 πιῖ)
1008 5138 1073 5189 23
1112 5140 1324 5202 aloquiis
1366 5139 1423 5201 Ρ,
1466 5141 1703 5202 alloquiis
1741 5155 1783 5188 ω
1995 5139 2185 5187 teneris
2221 5138 2266 5185 P
2472 5137 2536 5187 24
2577 5138 2706 5187 scola
2745 5138 2861 5203 PT,
3043 5135 3109 5185 25
3147 5134 3221 5202 et]
3258 5142 3311 5185 et
3348 5133 3403 5201 in
3442 5138 3487 5184 Ρ
3690 5142 3791 5185 tro-

536 5226 735 5273 cnlenta
774 5226 819 5273 P
1093 5217 1243 5294 sene}
1281 5228 1323 5275 V
1357 5227 1406 5289 (x
1445 5222 1535 5287 m2)
1821 5227 1957 5273 ferox
1997 5225 2126 5272 ferat
2167 5224 2208 5270 Τ
2487 5223 2552 5299 26
2589 5225 2650 5272 ad
2699 5225 2740 5270 V
2779 5224 2818 5285 (t
2852 5221 2942 5284 m‘2)
3222 5227 3381 5272 obstat
3429 5224 3480 5287 V,
3521 5227 3718 5273 constet
3756 5223 3799 5270 P

534 5311 596 5360 27
638 5313 925 5374 intrepidus
961 5315 1002 5360 V
1027 5313 1062 5374 (i
1088 5316 1177 5362 alt.
1207 5310 1296 5372 νηῒ)
1500 5311 1565 5360 28
1602 5326 1700 5360 om.
1734 5311 1776 5357 T
1974 5306 2089 5375 nec]
2128 5311 2178 5357 in
2210 5309 2292 5357 VP
2475 5292 2622 5359 *met
2669 5311 2710 5356 V
2752 5310 2869 5370 (agit
2903 5306 3017 5369 m2),
3059 5309 3165 5368 agit
3200 5314 3253 5356 et
3285 5306 3346 5370 p³
3387 5309 3489 5370 (qui
3524 5309 3703 5357 desinit
3739 5310 3793 5356 in

534 5399 620 5447 hoc
643 5401 824 5461 mm),
855 5400 961 5460 agit
986 5399 1031 5446 P
1055 5400 1170 5460 (om.
1200 5401 1268 5460 et)
1483 5397 1551 5447 29
1588 5397 1854 5460 suppellex
1889 5398 1931 5445 V
1954 5396 2001 5458 (p
2023 5411 2102 5456 pr.
2134 5395 2228 5444 del.
2258 5393 2346 5456 m2)
2374 5393 2446 5445 Ρλ
2658 5394 2722 5443 30
2758 5390 2914 5460 quod]
2938 5407 3025 5454 pro
3051 5393 3096 5440 P
3289 5390 3465 5460 fallax]
3491 5395 3653 5442 mollis
3679 5409 3721 5442 ω

592 5480 616 5503 0

534 5510 767 5568 sc'ticam
814 5521 856 5568 V
894 5519 938 5580 (ο
973 5517 1066 5580 m2)
1278 5519 1437 5567 alluta
1474 5519 1532 5581 P,
1573 5518 1732 5567 alutta
1776 5518 1817 5563 T
2049 5515 2105 5564 31
2152 5516 2239 5566 ἰίἧ
2277 5513 2306 5565 λ
2517 5515 2582 5565 32
2620 5511 2696 5581 et]
2732 5509 2803 5577 etl
2844 5515 2913 5575 Τς
2953 5514 3162 5574 sortasse
3198 5519 3276 5562 est
3484 5516 3686 5574 fugatur
3732 5516 3786 5576 V,

534 5607 762 5666 fugiatur
799 5620 841 5654 ω
880 5606 1022 5665 volqo
1231 5618 1379 5653 scena
1413 5604 1558 5653 codd.
1773 5605 1836 5654 33
1874 5607 1960 5651 tus
2006 5605 2048 5650 V
2073 5606 2217 5664 (corr.
2245 5599 2337 5662 m²J
2554 5601 2785 5661 genetrix
2834 5599 2910 5659 Vl,
2951 5600 3172 5662 genitrix
3209 5604 3298 5647 cet.
3514 5588 3706 5661 s⁶quvti
3756 5602 3796 5648 V

540 5692 586 5752 (e
621 5695 666 5738 et
703 5705 731 5735 v
766 5687 856 5749 ¹1⁸²)
1130 5689 1195 5739 34
1230 5691 1538 5751 permulcere
1580 5685 1654 5739 Τλ
1922 5695 2170 5739 senettam
2213 5688 2256 5737 Ρ
2519 5688 2584 5738 35
2621 5675 2979 5751 quodqfimque
3024 5685 3067 5732 V
3099 5681 3147 5750 (c
3184 5681 3298 5747 m2),
3336 5685 3672 5748 quodcunque
3718 5682 3787 5734 Ta

544 5776 610 5827 ³6
644 5778 772 5824 ceris
814 5776 856 5825 T
