4630 6435
1755 376 2174 432 EPISTVLAE
2213 377 2387 441 (XXI.
2429 377 2631 442 XXII).
3705 378 3825 440 183

1241 558 1486 635 amicus
1531 575 1596 634 et
1638 569 1888 634 vicinus
1934 576 1998 634 et
2041 562 2257 635 fautor
2294 576 2476 651 tuus,
2581 562 2586 570 ’
2640 560 2648 570 ’

1072 691 1133 731 25
1239 673 1497 737 honoris
1541 680 1795 755 auctor,
1847 674 2011 738 altor
2052 673 2275 757 ingeni
2320 671 2435 738 tui.

1241 776 1345 840 dic
1389 783 1455 841 et
1497 777 1840 859 magister,
1895 776 1999 841 dic
2046 796 2314 861 parenS,
2370 776 2474 841 dic
2519 776 2733 840 omnia

1238 879 1482 945 blanda
1525 887 1718 963 atque
1764 885 1988 944 sancta
2033 879 2321 945 caritatis
2364 879 2627 944 nomina

1239 983 1530 1065 haveque
1578 983 1748 1048 dicto
1795 982 1899 1048 dic
1943 983 2088 1047 vale
2135 989 2418 1048 actutum
2465 989 2529 1047 et
2575 982 2736 1046 redi.

1238 1086 1410 1169 quod
1455 1087 1511 1150 si
1555 1086 1836 1169 rogabit,
1890 1085 2047 1167 quid
2092 1105 2286 1170 super
2332 1085 2588 1170 scriptis
2633 1085 2817 1149 novis

1070 1210 1130 1249 ³0
1238 1197 1524 1256 maturus
1569 1190 1715 1254 aevi
1760 1209 1880 1254 nec
1925 1189 2102 1253 rudis
2148 1188 2532 1270 diiudicem,

1237 1293 1486 1358 nescire
1531 1293 1744 1375 diceS,
1797 1291 1916 1358 sed
1960 1301 2251 1377 paratum
2300 1292 2428 1357 iam
2475 1291 2610 1357 fore

1236 1395 1633 1461 heroicorum
1681 1416 1982 1461 versuum
2028 1397 2291 1481 plenum
2339 1395 2662 1461 essedum.

1237 1500 1339 1564 cui
1385 1499 1743 1583 subiugabo
1789 1498 1869 1564 de
1915 1500 2224 1564 molarum
2270 1499 2684 1581 ambagibus,

1234 1603 1345 1685 qui
1390 1603 1738 1667 machinali
1786 1623 1947 1667 saxa
1991 1604 2257 1668 volvunt
2299 1602 2620 1687 pondere,

1069 1729 1129 1767 ³5
1237 1707 1520 1791 tripedes
1566 1707 1854 1772 caballos
1898 1713 2081 1789 terga
2129 1715 2346 1791 ruptos
2392 1702 2695 1786 verbere,

1234 1809 1336 1875 his
1382 1819 1452 1876 ut
1494 1811 1812 1876 vehantur
1854 1818 1984 1876 tres
2030 1809 2288 1876 sodales
2334 1810 2564 1874 nuntii.

1235 1915 1365 1980 fors
1412 1922 1476 1980 et
1518 1915 1803 1997 rogabit,
1844 1906 2019 1997 ⁴quos
2066 1914 2325 1979 sodales
2373 1913 2616 1978 dixeris

1236 2018 1426 2083 simul
1471 2017 1723 2083 venire:
1780 2018 1918 2098 dic,
1971 2016 2284 2083 trinodem
2330 2016 2655 2100 dactylum

1235 2122 1367 2186 vidi
1411 2129 1702 2205 paratum
1752 2121 2060 2186 crucianti
2106 2121 2473 2186 cantherio:

1066 2244 1128 2286 «ιο
1235 2224 1557 2309 spondeus
1600 2225 1698 2289 illi
1744 2225 2021 2309 lentipes
2065 2225 2202 2290 ibat
2245 2244 2494 2306 comes,

1233 2329 1498 2413 paribus
1542 2336 1823 2393 moratur
1864 2328 1974 2412 qui
2022 2328 2178 2393 locis
2224 2347 2477 2403 cursum
2525 2348 2736 2392 meum
2761 2379 2775 2408 ,

1233 2431 1518 2514 mihique
1564 2431 1832 2511 similis,
1887 2451 2142 2516 semper
2184 2431 2498 2497 adversus
2543 2437 2794 2511 tamen,

1234 2555 1352 2599 nec
1396 2555 1514 2619 par
1555 2554 1675 2599 nec
1717 2535 1955 2619 impar,
2009 2535 2119 2618 qui
2163 2533 2501 2599 trochaeus
2546 2533 2799 2598 dicitur.

1235 2637 1396 2703 haec
1441 2637 1581 2704 fare
1627 2638 1860 2702 cursim
1905 2658 2024 2703 nec
2069 2644 2350 2702 moratus
2394 2637 2692 2721 pervola,

1065 2761 1129 2802 ιε.
1235 2741 1481 2823 aliquid
1524 2749 1856 2825 reportans
1901 2740 2154 2806 interim
2201 2740 2565 2804 munusculi

1237 2844 1317 2909 de
1365 2845 1663 2928 largitate
1709 2844 1933 2908 musici
1979 2843 2374 2929 promptarii.

1616 3138 1831 3202 XXII.
1899 3137 2324 3204 AVSONIVS
2369 3136 2767 3203 PAVLINO.

2163 3293 2225 3359 l.

736 3449 971 3514 Multas
1017 3457 1081 3515 et
1124 3449 1494 3532 frequentes
1538 3450 1696 3514 mihi
1741 3448 1989 3532 gratiae
2035 3455 2183 3512 tuae
2231 3467 2462 3512 causas
2510 3453 2575 3513 et
2633 3448 2884 3513 occasio
2942 3447 3216 3515 subinde
3276 3456 3429 3515 nata
3489 3450 3825 3516 concinnat
3859 3463 3961 3513 414

565 3558 629 3617 et
670 3560 939 3619 naturae
984 3561 1133 3619 tuae
1180 3553 1455 3619 facilitas
1500 3554 1782 3636 benigna
1828 3551 2142 3632 conciliat,
2199 3551 2469 3616 Pauline
2515 3550 2631 3616 fili.
2725 3572 2874 3616 nam
2936 3552 3088 3635 quia
3145 3553 3305 3617 nihil
3360 3561 3664 3638 poscente
3724 3574 3826 3619 me
3869 3532 3950 3594 (ω)

563 3655 812 3736 abnuis,
867 3657 1076 3740 magis
1122 3657 1301 3722 acuis
1346 3657 1708 3742 procaciam
1753 3677 1948 3739 quam
1994 3655 2307 3736 retundis,
2361 3663 2431 3721 ut
2475 3674 2646 3720 nune
2691 3676 2944 3739 quoque
2987 3655 3058 3719 in
3103 3675 3302 3720 causa
3345 3656 3636 3722 Philonis
3680 3678 3828 3742 pro-

566 3758 871 3824 curatoris
918 3760 1242 3841 quondam
1288 3761 1415 3825 mei
1462 3759 1832 3844 experiere,
1900 3759 2008 3842 qui
2054 3756 2226 3841 apud
2272 3758 2706 3840 Ebromagum
2754 3758 3024 3824 conditis
3075 3759 3425 3841 mercibus,
3495 3779 3657 3843 quas
3715 3781 3831 3845 per

500 3883 526 3920 ⁵
563 3879 753 3942 agros
799 3861 1090 3927 diversos
1138 3863 1387 3945 coemit,
1443 3883 1744 3928 concesso
1789 3863 1871 3928 ab
1918 3862 2280 3928 hominibus
2327 3860 2454 3927 tuis
2501 3882 2658 3927 usus
2702 3862 3015 3947 hospitio,
3065 3861 3382 3928 inmature
3428 3863 3830 3948 periclitatur

564 3964 822 4047 expelli.
917 3965 1090 4048 quod
1135 3965 1260 4030 nisi
1304 3966 1649 4031 indulseris
1694 3973 1960 4048 rogante
2004 3986 2145 4046 me,
2213 3972 2284 4030 ut
2330 3971 2396 4030 et
2439 3984 2619 4030 mora
2661 3964 2997 4030 habitandi
3042 3965 3126 4030 ad
3179 3967 3578 4033 commodum
3641 3987 3826 4033 suum

563 4073 776 4130 utatur
820 4075 885 4132 et
927 4088 1131 4132 nauso
1175 4068 1388 4133 aliave
1433 4089 1563 4151 qua
1608 4069 1760 4134 navi
1806 4089 2010 4152 usque
2055 4069 2141 4133 ad
2186 4068 2492 4154 oppidum
2538 4067 2831 4153 praebita
2876 4068 3080 4152 frugis
3124 4069 3525 4152 aliquantum
3569 4078 3827 4136 nostrae

563 4168 797 4235 advehi
840 4171 1063 4255 possit,
1116 4172 1519 4237 Lucaniacus
1567 4179 1636 4238 ιιι
1679 4173 1898 4257 inopia
1942 4173 2251 4238 liberetur
2293 4179 2574 4237 mature:
2627 4179 2761 4237 tota
2802 4172 2920 4236 illa
2965 4171 3212 4236 familia
3255 4171 3534 4238 hominis
3563 4174 3827 4238 litterati

561 4292 686 4336 non
731 4271 815 4336 ad
861 4273 1062 4338 Tullii
1109 4273 1630 4358 frumentariam,
1685 4276 1803 4340 sed
1846 4274 1931 4340 ad
1978 4276 2425 4367 Curculionem
2471 4275 2684 4340 Plauti
2746 4275 3115 4359 pertinebit.
3210 4275 3330 4340 hoc
3381 4282 3513 4358 ⁴quo
3573 4276 3829 4341 facilius

465 4399 524 4438 ιο
563 4373 973 4459 impetrarem
1031 4385 1145 4442 aut
1204 4398 1328 4459 quo
1389 4379 1693 4444 maiorem
1756 4380 2068 4445 verereris
2129 4380 2524 4461 molestiam,
2591 4379 2646 4445 si
2704 4398 3019 4461 negareS,
3097 4379 3536 4444 concinnatam
3597 4379 3830 4444 iambis

744 4554 817 4558 ,ἢ
846 4553 1389 4561 affl.-

736 4655 800 4703 30
838 4657 986 4716 Verg.
1031 4658 1157 4705 Aen.
1203 4657 1245 4701 V
1284 4655 1347 4703 73
1385 4657 1494 4703 aevi
1534 4661 1761 4704 maturus
2046 4657 2112 4704 39
2152 4657 2310 4705 Plaut.
2355 4656 2496 4719 Capt.
2542 4657 2643 4704 1111
2681 4656 2731 4718 2,
2774 4657 2837 4704 34
2881 4657 3017 4720 (814)
3063 4660 3153 4719 qui
3190 4657 3510 4705 advehuntur
3545 4658 3832 4718 quadrupe-

569 4739 711 4788 danti
749 4742 993 4789 crucianti
1032 4742 1287 4790 cantherio

741 5000 807 5050 25
844 5003 969 5050 alter
996 5000 1053 5047 M
1189 5003 1383 5062 ingenii
1411 5016 1454 5048 ω
1630 4999 1694 5048 27
1734 5001 1990 5049 charitatis
2022 5000 2063 5046 T
2239 4998 2305 5048 28
2343 5014 2533 5061 aveque
2560 5016 2602 5048 ω
2689 5067 2694 5072 ⁴
2745 5008 2797 5049 et
2821 5006 3046 5048 actutum
3074 5015 3137 5062 ω,
3178 5006 3405 5048 actutum
3430 5007 3482 5049 et
3507 5000 3567 5049 L.
3603 4999 3824 5062 Mueller,

568 5102 635 5135 an
670 5095 722 5136 et
757 5087 1060 5136 delendum?
1350 5086 1416 5136 32
1451 5088 1658 5135 esedum
1700 5086 1756 5133 M
2039 5085 2104 5134 35
2142 5094 2321 5148 ruptos
2360 5084 2417 5133 M
2536 5085 2542 5092 '
2704 5086 2769 5134 36
2808 5088 2981 5135 nuncii
3020 5085 3077 5132 M
3349 5084 3415 5135 38
3452 5088 3693 5135 dactilum
3735 5086 3837 5133 TM

567 5172 623 5221 4¹
670 5177 767 5236 ςιιῖι
804 5177 920 5222 meu
962 5175 1003 5220 T
1094 5165 1095 5172 ¹
1211 5174 1278 5224 46
1316 5175 1570 5235 promtarii
1608 5172 1665 5219 M
1675 5191 1687 5234 3
1728 5175 1943 5236 sortasse
1980 5174 2307 5235 promptuarii
2345 5171 2654 5220 scribendum
2688 5178 2756 5220 eal
2790 5177 2850 5220 ul
2885 5173 3195 5233 trisyllabum
3225 5173 3662 5232 pronuntiandum

740 5260 906 5309 XXII.
986 5262 1243 5309 Ausonius
1279 5261 1493 5309 Paulino
1531 5259 1603 5319 Μ,
1643 5274 1735 5309 suo
1771 5259 1887 5308 add.
1933 5259 1986 5321 E,
2029 5259 2121 5308 sal.
2164 5259 2233 5321 pl.
2278 5259 2379 5307 dic‘.
2428 5259 2486 5319 T,
2530 5274 2568 5308 s.
2611 5274 2661 5321 p.
2709 5260 2758 5307 d.
2799 5273 2916 5305 muv
3169 5254 3227 5309 1.
3304 5258 3323 5307 1
3367 5274 3542 5308 causas
3577 5273 3671 5309 om.
3722 5259 3763 5305 T

567 5351 682 5393 nata
716 5361 812 5395 om.
861 5347 904 5393 Τ
1148 5348 1444 5395 concinnate
1483 5362 1526 5395 ω
1571 5347 1970 5408 (concinnatione
2007 5347 2064 5407 l),
2108 5348 2372 5394 concinnat
2408 5351 2461 5393 et
2505 5343 2651 5395 ναι*
2929 5344 2959 5394 2
2997 5346 3088 5405 filij
3130 5343 3187 5390 M
3460 5347 3490 5394 3
3529 5347 3694 5395 filonis
3737 5345 3836 5392 TM

566 5429 598 5478 4
633 5425 905 5490 hebromaff
948 5432 1005 5494 T,
1050 5433 1404 5493 hebromagum
1441 5438 1529 5482 cel.
1571 5434 1718 5493 volyo
1997 5432 2027 5480 5
2065 5433 2297 5480 omnibus
2340 5432 2382 5478 T
2659 5434 2874 5479 imature
2912 5430 2984 5492 Μ,
3037 5432 3290 5478 inmature
3330 5431 3387 5492 E,
3434 5434 3702 5480 immature
3738 5437 3826 5482 cel.

568 5517 594 5565 7
633 5515 756 5585 qua]
791 5520 968 5581 quavis
1006 5518 1052 5565 E
1082 5520 1225 5579 volyo
1434 5522 1552 5570 navi
1591 5515 1777 5584 nsque]
1813 5520 2031 5585 nauimq;
2077 5519 2119 5564 T
2326 5519 2478 5580 opidfi
2522 5518 2563 5564 T
2771 5518 3140 5578 aliquantulum
3175 5518 3262 5583 χΕ
3293 5520 3438 5579 volyo
3672 5517 3704 5565 8
3742 5517 3834 5564 de-

565 5605 682 5653 uehi
720 5605 778 5652 M
996 5604 1028 5655 9
1064 5606 1308 5656 culionem
1351 5608 1551 5669 ΤΜυΕ,
1590 5607 1895 5653 culioconem
1933 5607 1966 5666 l,
2010 5607 2339 5654 circulionem
2377 5621 2442 5665 m,
2487 5606 2824 5652 curculionem
2861 5619 2898 5651 u
3124 5602 3182 5652 lo
3220 5607 3412 5653 ueteris
3453 5605 3619 5664 Tlmu‚
3662 5617 3834 5650 uerre-

568 5694 637 5741 τίς
677 5692 794 5754 ΜΕ,
838 5693 1083 5740 uerereris
1118 5709 1147 5738 v
1360 5697 1508 5754 umbi
1552 5689 1671 5752 ΤΜ,
1711 5692 1892 5739 iambis
1929 5697 2016 5742 cel.
