4630 6435
821 433 938 496 188
2289 428 2593 486 AVSONII

1483 620 1575 685 nil
1622 628 1864 685 mutum
1911 628 2143 685 natura
2187 619 2390 685 dedit.
2485 641 2611 686 non
2657 622 2827 687 acris
2871 623 3011 687 ales

1482 722 2017 808 quadrupedesve
2065 724 2289 805 silent,
2347 724 2541 790 habet
2585 731 2650 790 et
2695 744 2813 790 sua
2859 725 3051 790 sibila
3095 744 3361 810 serpens

1483 834 1549 893 et
1590 846 1789 912 pecus
1834 847 2221 910 aequoreum
2266 827 2443 893 tenui
2490 827 2631 894 vice
2676 829 2851 895 vocis
2896 829 3178 895 anhelat.

1314 951 1375 993 20
1481 931 1782 1014 cymbala
1828 930 1985 997 dant
2026 930 2202 997 flictu
2248 931 2561 1014 sonitum,
2614 932 2770 998 dant
2813 932 3063 1018 pulpita
3106 934 3275 999 saltu

1478 1034 1613 1099 icta
1658 1034 1930 1119 pedum,
1987 1035 2183 1100 tentis
2227 1034 2498 1101 reboant
2543 1056 2705 1101 cava
2748 1043 3058 1121 tympana
3100 1037 3331 1120 tergis,

1479 1136 1722 1202 Isiacos
1769 1136 2022 1221 agitant
2064 1137 2410 1203 Mareotica
2456 1137 2654 1203 sistra
2697 1140 3048 1222 tumultus,

1479 1261 1597 1305 nec
1644 1239 1979 1306 Dodonaei
2024 1248 2238 1307 cessat
2280 1240 2554 1306 tinnitus
2600 1243 2779 1323 aeni,

1476 1344 1544 1410 in
1587 1365 1919 1410 numerum
1968 1345 2263 1428 quotiens
2310 1345 2513 1411 radiis
2558 1345 2939 1412 ferientibus
2983 1347 3152 1413 ictae

1312 1470 1373 1511 25
1479 1448 1871 1533 respondent
1915 1448 2159 1514 dociles
2205 1449 2532 1514 modulato
2579 1452 2846 1516 verbere
2893 1452 3142 1536 pelves,

1479 1560 1543 1616 te
1590 1552 1767 1618 velut
1812 1552 2104 1618 Oebaliis
2149 1552 2404 1617 habites
2449 1553 2806 1618 taciturnus
2850 1554 3136 1638 Amyclis

1479 1663 1591 1720 aut
1633 1662 1746 1720 tua
1792 1654 2086 1737 Sigalion
2132 1655 2492 1740 Aegyptius
2539 1657 2763 1722 oscula
2807 1656 3050 1741 signet,

1480 1757 1813 1839 obnixum,
1869 1759 2172 1840 Pauline,
2227 1766 2428 1825 taces.
2523 1780 2803 1843 agnosco
2849 1760 3192 1845 pudorem,

1480 1862 1652 1945 quod
1695 1862 1919 1928 vitium
1969 1862 2143 1928 fovet
2187 1863 2334 1948 ipsa
2378 1882 2564 1928 suum
2614 1864 2887 1930 cessatio
2932 1865 3124 1949 iugis.

1312 1988 1372 2026 :30
1481 1966 1760 2047 dumque
1807 1966 2009 2051 pudet
2051 1966 2337 2032 tacuisse
2382 1966 2528 2047 diu,
2585 1967 2800 2052 placet
2847 1968 3200 2034 officiorum

1480 2090 1604 2134 non
1653 2089 1910 2134 servare
1957 2069 2133 2134 vices
2179 2076 2245 2135 et
2286 2076 2511 2135 amant
2555 2071 2749 2152 longa
2795 2071 2926 2136 otia
2970 2073 3245 2157 culpam.

1479 2172 1624 2255 quis
1670 2172 1962 2256 prohibet
2007 2172 2201 2237 Salve
2247 2180 2444 2256 atque
2489 2174 2652 2239 Vale
2698 2174 3013 2241 brevitate
3057 2182 3285 2260 parata

1480 2275 1760 2341 scribere
1805 2275 2155 2360 felicesque
2200 2284 2385 2342 notas
2432 2278 2740 2343 mandare
2788 2278 3069 2346 libellis?

1479 2399 1607 2444 non
1651 2399 1772 2463 ego
1819 2379 2202 2463 longinquos
2248 2388 2319 2447 nt
2363 2388 2543 2448 texat
2586 2382 2832 2466 pagina
2877 2403 3104 2448 versus

1312 2505 1373 2545 ³5
1480 2483 1735 2567 postulo
1780 2482 2247 2567 multiplicique
2293 2492 2516 2550 oneret
2559 2504 2853 2551 sermone
2897 2486 3196 2552 tabellas.

1480 2605 1610 2649 una
1654 2585 1776 2651 fuit
1818 2592 2098 2668 tantum,
2155 2606 2285 2667 qna
2330 2588 2723 2673 respondere
2772 2590 3059 2656 Lacones

1478 2689 1727 2770 littera,
1784 2695 1848 2754 et
1891 2690 2052 2756 irato
2097 2691 2235 2776 regi
2280 2694 2584 2777 placuere
2628 2700 2962 2777 negantes.

1477 2798 1579 2859 est
1623 2792 1859 2860 etenim
1905 2794 2103 2860 comis
2147 2796 2453 2862 brevitas.
2549 2797 2642 2862 sic
2686 2797 2862 2863 fama
2907 2805 3198 2865 renatum

1478 2897 1910 2981 Pythagoram
1958 2897 2255 2964 docuisse
2303 2900 2521 2965 refert.
2617 2920 2759 2965 cum
2807 2903 3012 2968 multa
3057 2904 3358 2986 loquaces

1311 3021 1370 3061 ιο
1478 2999 1802 3083 ambiguis
1848 3009 2137 3068 sererent
2181 3003 2430 3085 verbiS,
2486 3010 2706 3070 contra
2750 3004 2965 3070 omnia
3008 3006 3213 3072 solum

1480 3109 1580 3168 est
1621 3103 2057 3187 respondebat
2100 3105 2206 3170 vel
2252 3126 2402 3170 non.
2497 3128 2533 3171 o
2579 3114 2756 3172 certa
2801 3109 3102 3191 loquendi

1479 3209 1734 3291 regula!
1791 3230 1940 3273 nam
1987 3209 2247 3275 brevius
2292 3208 2453 3276 nihil
2499 3219 2599 3278 est
2641 3233 2761 3278 nec
2805 3211 3060 3297 plenius
3107 3213 3284 3294 istis,

1479 3332 1647 3394 quae
1694 3313 1945 3378 firmata
1988 3314 2262 3397 probant
2306 3320 2420 3379 aut
2464 3315 2790 3381 infirmata
2834 3316 3138 3382 relidunt.

1478 3400 1666 3481 nemo
1713 3415 1914 3482 silens
1959 3415 2237 3501 placuit,
2292 3416 2483 3483 multi
2529 3419 2842 3485 brevitate
2887 3420 3212 3502 loquendi.

982 3763 1049 3812 20
1087 3765 1238 3825 Verg.
1281 3766 1411 3812 Aen.
1454 3767 1601 3813 vnn
1641 3765 1740 3814 667
1781 3767 1904 3814 dant
1941 3768 2163 3815 sonitum
2201 3769 2342 3815 nictu
2379 3767 2546 3827 galeae
2756 3765 2820 3815 26
2866 3768 3013 3827 Verg.
3058 3769 3181 3816 Aen.
3227 3768 3274 3814 X
3312 3765 3411 3815 564
3448 3770 3617 3817 tacitis
3654 3770 3881 3829 regnavit
3917 3771 4072 3827 Amy-

812 3852 903 3898 clis
1112 3850 1178 3901 36
1207 3864 1284 3912 sq.
1325 3851 1462 3900 Plut.
1502 3849 1616 3917 περὶ
1653 3848 1955 3923 ἀδολεσχίας
1993 3852 2052 3902 21

986 4175 1048 4224 18
1085 4176 1504 4238 quadrupedesue
1539 4178 1578 4223 V
1614 4178 1665 4238 (u
1702 4180 1788 4226 alt.
1832 4193 1889 4225 cx
1926 4194 1954 4225 a
1988 4176 2077 4239 m2)
2279 4176 2338 4226 19
2374 4183 2525 4239 petus
2557 4177 2600 4223 P
2801 4177 2966 4224 anelat
2999 4177 3094 4238 VP,
3137 4157 3353 4225 an¹3ellat
3376 4195 3407 4247 ρ
3583 4178 3648 4228 20
3686 4181 3898 4229 cimbala
3932 4182 4003 4229 Υσ

808 4264 927 4309 dant
947 4267 1058 4324 post
1082 4265 1303 4312 sonitum
1330 4264 1396 4312 Π
1594 4263 1708 4312 flict’
1740 4264 1794 4328 Ρ,
1824 4266 1994 4312 flictuo
2016 4268 2065 4329 β,
2098 4264 2289 4311 flictum
2325 4263 2412 4323 Uy.
2619 4265 2781 4312 sonita
2807 4264 2852 4311 P
3056 4261 3115 4311 21
3158 4279 3256 4312 om.
3286 4264 3331 4311 P
3536 4257 3634 4314 icti}
3669 4268 3710 4313 V
3731 4269 3779 4326 (a
3799 4264 3911 4329 211²),
3942 4269 4071 4316 iacta

750 4323 775 4342 f
807 4351 915 4418 βρσ
946 4349 1001 4408 Τ,
1042 4354 1175 4397 tacta
1219 4349 1309 4409 Uq.
1488 4351 1619 4398 tenti
1648 4351 1724 4411 Π,
1767 4352 1939 4398 tenuis
1966 4366 2005 4399 π
2189 4350 2418 4412 timpana
2453 4352 2501 4412 V,
2545 4358 2781 4411 tympana
2804 4354 2838 4413 β
2880 4353 2928 4412 (p
2953 4365 3010 4398 ex
3036 4352 3108 4412 b),
3140 4351 3411 4414 tymphana
3436 4367 3476 4400 π
3686 4352 3751 4401 22
3789 4355 4073 4415 isaccosque

812 4435 896 4495 Π,
953 4436 1213 4497 isacosque
1253 4451 1322 4493 π,
1377 4437 1654 4498 isiacosque
1701 4438 1880 4506 βρσΤ,
1936 4437 2215 4498 Iliacosque
2264 4437 2350 4496 Uy.
2564 4437 2844 4484 mareonica
2889 4438 2930 4482 V
3130 4437 3366 4484 tumultis
3410 4436 3476 4484 Π
3676 4437 3741 4487 23
3780 4439 3962 4485 tinitus
4009 4438 4069 4500 Ρ,

809 4524 1039 4581 tynnitus
1075 4539 1106 4591 ρ
1316 4524 1402 4583 oni
1448 4523 1489 4570 V
1523 4524 1571 4585 (e
1608 4538 1633 4570 e
1668 4537 1793 4574 corr.
1833 4523 1933 4585 m¹;
1975 4526 2029 4571 in
2062 4538 2162 4584 my.
2193 4520 2266 4569 m²
2290 4524 2444 4584 aeni),
2486 4524 2568 4570 oni
2607 4522 2681 4581 Π,
2725 4523 2837 4570 aeni
2875 4527 2985 4582 cet„
3027 4522 3174 4570 aheni
3219 4522 3305 4583 Uy.
3335 4523 3480 4582 volyo
3689 4523 3756 4572 24
3791 4526 3990 4586 quoties
4034 4525 4075 4569 Τ

807 4608 871 4656 25
909 4610 1176 4672 respondet
1212 4625 1249 4658 π
1461 4610 1625 4659 docies
1664 4612 1729 4658 Π
1931 4611 2179 4658 moderato
2220 4610 2475 4676 ΠβπρσΤ
2519 4609 2604 4667 Uy.
2648 4610 2789 4669 volyo
3001 4610 3208 4656 uerbere
3244 4613 3279 4673 β
3321 4610 3393 4669 (ex
3430 4610 3656 4671 puluere)
3872 4608 3937 4659 26
3975 4625 4067 4658 ue·

807 4695 891 4742 lud
917 4699 952 4760 β
1136 4696 1335 4743 ocbalus
1362 4696 1418 4759 P,
1463 4698 1700 4763 aoebaliis
1723 4703 1773 4763 β,
1816 4699 2019 4747 oebalus
2044 4716 2075 4767 ρ
2259 4697 2454 4745 amiclis
2488 4697 2600 4758 VII,
2643 4697 2834 4754 amydis
2862 4696 2918 4756 P,
2961 4696 3176 4744 auroedis
3199 4699 3288 4761 βσ,
3333 4697 3569 4744 amoeclis
3596 4712 3689 4763 πρ,
3737 4698 3944 4755 amyclis
3979 4695 4065 4756 Uy.

810 4780 871 4828 27
914 4782 1114 4841 flgalion
1151 4781 1196 4827 P
1436 4774 1650 4844 egiptivs
1696 4785 1737 4830 V
1783 4786 1829 4842 (v
1864 4783 1977 4846 m2),
2029 4785 2248 4845 egiptius
2284 4797 2384 4852 ρσ,
2439 4784 2705 4844 aegypcius
2741 4786 2800 4846 β,
2857 4783 3107 4842 aegiptius
3145 4781 3236 4828 ΡΤ
3475 4781 3540 4831 28
3590 4784 3844 4830 obnexum
3881 4782 3941 4843 Ρ,
3982 4782 4072 4828 ob-

812 4868 1020 4915 noxium
1055 4869 1207 4932 βπρσ
1251 4866 1339 4927 Uy.
1623 4865 1829 4931 pauline
1867 4872 1989 4919 tacis
2025 4882 2257 4928 cognosco
2293 4872 2329 4932 β
2606 4867 2664 4915 31
2707 4844 2841 4915 amsi²
2875 4867 2913 4913 V
2950 4869 2987 4927 (t
3021 4863 3110 4925 m2)
3398 4869 3526 4915 uitia
3572 4869 3613 4914 V
3647 4870 3690 4930 (o
3726 4882 3783 4915 a
3820 4869 3872 4914 ni
3910 4865 4001 4926 m2)

811 4955 956 5015 culpi
992 4953 1066 5013 Π,
1130 4929 1325 5014 culpam
1362 4957 1397 5018 β
1436 4956 1471 5015 (1
1508 4953 1596 5015 m2)
1873 4961 2003 5002 amat
2039 4991 2050 5002 .
2098 4990 2108 5001 .
2155 4991 2166 5002 .
2208 4954 2359 5014 culpa
2411 4954 2506 5014 (vel
2542 4961 2708 5001 amant
2749 4991 2761 5002 .
2806 4989 2818 5001 .
2865 4990 2876 5001 .
2919 4953 3114 5013 culpae)
3167 4951 3390 5000 Bromia
3508 5020 3516 5027 .
3669 4951 3733 5001 32
3771 4929 3997 5014 prohibet
4040 4954 4080 4998 V

817 5039 869 5099 (h
905 5036 995 5099 ²11²)
1212 5040 1372 5086 nitate
1412 5041 1531 5098 (om.
1573 5041 1675 5101 bre)
1716 5045 1751 5107 β
1963 5039 2026 5088 33
2067 5041 2327 5102 felicisque
2363 5043 2516 5105 βπρσ
2546 5038 2632 5098 Uy.
2846 5038 2909 5087 34
2949 5021 3013 5086 no
3042 5028 3359 5099 egolfigiqvos
3403 5038 3444 5085 V
3483 5040 3526 5098 (ὃ
3563 5029 3879 5101 egologiq'os
3912 5037 3987 5087 m2
4022 5042 4075 5087 in

806 5141 983 5174 rasura
1028 5129 1087 5174 15
1124 5127 1200 5173 vel
1245 5130 1303 5173 16
1342 5127 1460 5185 litt.)
1712 5124 1825 5193 ego]
1863 5140 1985 5186 nego
2023 5126 2068 5173 P
2318 5127 2383 5175 35
2420 5126 2672 5188 multique
2712 5141 2746 5175 σ
2988 5140 3165 5174 oneres
3203 5125 3334 5174 Scal.
3376 5120 3550 5184 volyo'
3766 5139 3991 5174 sermone
4037 5126 4078 5171 V

811 5214 863 5275 (n
899 5227 955 5260 ea:
992 5212 1080 5273 m),
1125 5226 1378 5261 sermones
1416 5213 1461 5260 P
1684 5213 1749 5263 36
1786 5215 2015 5261 lacunaes
2053 5214 2119 5262 Π
2323 5216 2378 5262 in
2420 5214 2461 5260 Τ
2493 5217 2547 5261 in
2582 5229 2685 5273 my.
2726 5209 2785 5262 οὔ
2822 5200 2854 5263 ὖ
3084 5212 3146 5261 37
3185 5213 3333 5260 litera
3379 5213 3431 5272 V,
3469 5212 3614 5259 litora
3648 5215 3684 5277 β
3726 5213 3862 5273 (eorr.
3903 5209 3992 5270 m'l)

808 5299 961 5364 iratoi·
994 5302 1029 5363 β
1073 5299 1213 5360 (corr.
1252 5295 1342 5359 ηιῖ)
1581 5301 1812 5360 negantis
1850 5315 1890 5348 π
2134 5299 2198 5349 38
2238 5297 2453 5365 etenim]
2491 5301 2626 5347 enim
2670 5300 2710 5345 Τ
2937 5314 3101 5347 comes
3144 5298 3199 5362 P,
3243 5312 3339 5346 om.
3389 5298 3430 5343 Τ
3471 5297 3543 5359 (in
3577 5313 3676 5358 my.
3718 5300 3871 5346 comis
3905 5297 3996 5358 m1)

807 5381 1049 5449 brevitas]
1087 5398 1169 5432 ore
1207 5386 1432 5433 suauitas
1469 5385 1535 5432 Π
1828 5386 2045 5433 breuitas
2087 5387 2128 5432 Τ
2166 5392 2203 5449 (ι
2240 5388 2293 5434 in
2328 5387 2447 5447 ras.)
2757 5387 2885 5432 same
2924 5386 2989 5432 Π
3295 5389 3525 5433 senatum
3571 5385 3613 5432 V
3648 5384 3725 5447 (ut
3761 5383 3972 5443 videtur)
4017 5384 4079 5431 Π

809 5471 874 5518 39
912 5455 1136 5533 ρίιαςοῐὲ
1181 5472 1232 5531 V,
1276 5475 1557 5532 pytagoram
1597 5471 1653 5535 P,
1698 5472 2039 5533 posthagoram
2075 5471 2154 5531 Π,
2192 5470 2502 5533 phitagoram
2538 5475 2588 5536 β,
2631 5471 2950 5533 phytagoram
2990 5488 3048 5532 π,
3091 5472 3399 5533 pithagoram
3436 5488 3467 5540 ρ
3683 5471 3908 5533 potuisse
3947 5470 4010 5517 Π

806 5542 901 5607 συί-ι
944 5562 1083 5620 (corr.
1122 5555 1211 5618 m2)
1257 5560 1414 5606 muita
1454 5561 1500 5620 (a
1533 5557 1609 5607 m2
1642 5573 1698 5606 ex
1735 5557 1776 5615 o)
1832 5559 1873 5604 V
2139 5554 2399 5623 loquaces]
2438 5559 2552 5606 σῶα
2588 5558 2748 5606 solum
2785 5558 2850 5604 Π
3120 5558 3186 5605 40
3224 5559 3446 5619 ambigui
3482 5563 3517 5624 β
3794 5557 4002 5605 soluunt
4036 5560 4072 5622 β

807 5645 865 5694 41
911 5642 1011 5711 est]
1046 5650 1097 5693 et
1133 5645 1219 5694 Ρπ
1264 5645 1351 5706 09.
1601 5645 1842 5693 tendebat
1884 5643 1926 5690 Ρ
2166 5651 2312 5708 cepta
2359 5646 2397 5692 V
2433 5649 2473 5708 (r
2506 5660 2564 5694 ez:
2603 5662 2634 5708 p
2670 5642 2757 5704 m2)
3009 5643 3074 5693 42
3113 5660 3207 5693 om.
3252 5645 3297 5691 P
3524 5640 3666 5712 nam]
3703 5658 3815 5691 nam
3853 5644 3991 5706 pleni
4035 5644 4077 5692 Τ

817 5748 976 5811 (pleni
1011 5748 1131 5810 dcl.)
1348 5762 1439 5796 nec
1477 5762 1549 5816 ρσ
1591 5749 1703 5809 Η9.,
1743 5755 1795 5798 et
1828 5752 1918 5797 cet.
2132 5747 2197 5797 44
2235 5720 2344 5797 sil}
2392 5749 2434 5798 V
2471 5749 2521 5809 (n
2556 5745 2673 5810 m2),
2710 5748 2869 5795 silono
2907 5747 2952 5796 P
3157 5749 3320 5797 multa
3364 5748 3405 5795 Τ
