4630 6435
1954 467 2410 522 Pssoonmvm.
3639 473 3814 537 XLV

558 692 772 757 littera
828 696 907 755 W
946 692 1332 776 significavi.
1380 733 1466 740 ——
1513 693 1772 759 Librum
1819 694 1885 759 S.
1941 694 2151 773 Galli,
2204 694 2721 775 Bruxellensem,
2787 695 3146 760 Pal-isinum
3191 695 3332 779 ipse
3378 697 3646 780 contuli,
3710 717 3817 763 ce-

557 818 728 880 teros
773 812 1062 879 excussit
1106 814 1179 879 C.
1232 812 1476 897 Graux,
1528 814 1654 879 heu
1700 821 1903 880 morte
1947 814 2293 880 immatura
2337 815 2570 881 litteris
2616 815 2968 899 amicisque
3013 822 3296 902 ereptus.

728 933 870 1016 His,
921 952 1082 1016 quos
1125 934 1312 999 modo
1358 935 1867 1017 commemoravi,
1921 935 2253 1002 codicibus
2298 936 2614 1004 accedunt
2657 937 2988 1020 exemplar
3017 938 3327 1004 Mosellae
3373 945 3437 1004 et
3468 938 3816 1005 Caesarum

568 1055 749 1138 (XXI
801 1059 827 1117 1
880 1061 945 1120 et
990 1059 1049 1135 2,
1112 1057 1368 1139 1-80),
1423 1056 1593 1138 quod
1638 1075 1806 1121 nunc
1852 1056 2208 1122 continetur
2237 1057 2669 1123 Laurentiano
2703 1058 2789 1122 LI
2839 1062 2915 1122 13
2963 1065 3027 1124 61
3069 1057 3244 1140 olim,
3293 1058 3364 1125 id
3406 1058 3577 1143 quod
3622 1079 3818 1144 supra

566 1178 651 1259 (p.
688 1174 869 1256 XXI)
924 1173 1378 1257 demonstravi,
1432 1175 1553 1242 fuit
1595 1176 1663 1241 in
1708 1175 2305 1260 Magliabecchiano
2349 1177 2381 1242 I
2413 1181 2473 1257 6,
2515 1182 2595 1242 29
2644 1182 2783 1261 (M),
2836 1180 2904 1244 in
2949 1197 3076 1263 quo
3120 1200 3291 1246 nuuc
3333 1178 3378 1244 f.
3426 1182 3814 1244 117r--118'

557 1302 804 1362 tantum
851 1297 1167 1363 Caesares
1210 1297 1531 1381 leguntur,
1585 1296 1821 1363 deinde
1866 1297 2214 1363 Caesarum
2272 1300 2455 1382 (XXI
2506 1303 2526 1362 1
2586 1306 2652 1365 61
2694 1303 2754 1380 2,
2816 1302 3040 1384 1-81)
3097 1300 3495 1386 exemplaria
3536 1300 3606 1366 in
3644 1301 3818 1366 Lau-

551 1417 841 1484 rentiano
886 1421 988 1499 64,
1044 1421 1083 1481 9
1130 1436 1300 1485 6666.
1354 1418 1570 1502 XHII,
1624 1419 1818 1484 Laur.
1855 1421 1936 1483 89
1981 1418 2098 1484 inf.
2139 1422 2198 1501 8,
2252 1420 2666 1505 Neapolitani
2711 1439 2878 1485 mus.
2914 1422 3092 1505 publ.
3132 1421 3369 1487 CXXV
3410 1421 3560 1505 (IIII
3590 1420 3640 1487 C
3676 1422 3808 1505 25),

555 1537 1012 1623 Glasgoviensi
1056 1558 1222 1604 mus.
1271 1539 1543 1605 Hunter.
1596 1539 1652 1603 V
1698 1541 1758 1622 3,
1819 1544 1928 1622 11,
1983 1539 2094 1622 qui
2139 1540 2286 1605 libri
2332 1558 2572 1606 omnes·
2600 1548 2748 1607 sunt
2791 1560 2961 1607 saec.
3013 1541 3156 1624 XV,
3222 1542 3386 1608 liber
3443 1542 3814 1608 monasterii

555 1658 687 1724 divi
732 1659 1027 1738 Victoris,
1078 1658 1251 1742 quod
1295 1659 1418 1725 fuit
1459 1659 1528 1724 in
1571 1658 1959 1725 Parisiorum
2007 1658 2333 1744 suburbi0,
2387 1682 2512 1744 quo
2556 1661 2776 1727 codice
2820 1669 3077 1746 praeter
3119 1663 3454 1728 Mosellam
3502 1668 3567 1728 et
3609 1663 3815 1727 Rosas

554 1782 693 1847 sine
745 1779 942 1846 dubio
1001 1780 1192 1846 etiam
1253 1780 1539 1845 carmina
1596 1780 1677 1846 de
1734 1780 1870 1847 viro
1926 1783 2092 1847 bono
2152 1789 2217 1849 et
2260 1783 2342 1848 de
2389 1787 2507 1845 ΝΑΙ
2547 1788 2669 1846 ΚΑΙ
2711 1789 2797 1847 ΟΥ
2834 1766 3349 1865 continebantur,
3418 1783 3814 1850 Mellicensis

556 1922 726 1968 saec.
779 1901 874 1966 XI
927 1901 1033 1983 (cf.
1084 1901 1300 1967 Melet.
1352 1900 1624 1967 Vindob.
1678 1902 1709 1966 I
1754 1906 1835 1966 64
1877 1905 2085 1987 sqq.),
2137 1903 2205 1968 in
2250 1925 2376 1987 quo
2422 1909 2571 1969 ante
2617 1903 2936 1986 Culicem,
2992 1904 3217 1985 Diras,
3275 1906 3554 1990 Copam,
3608 1906 3814 1969 Rosas

558 2024 605 2089 f.
660 2026 814 2087 221v
863 2023 1177 2088 Caesares
1231 2021 1412 2103 (XXI
1464 2027 1489 2086 1
1529 2029 1595 2088 61
1635 2029 1691 2101 2,
1744 2044 1807 2088 v.
1853 2027 1876 2085 1
1917 2024 2040 2105 sq.)
2096 2029 2161 2088 et
2205 2023 2251 2088 f.
2290 2027 2441 2086 222r
2486 2044 2744 2089 carmen
2798 2024 2910 2089 ‘de
2955 2042 3056 2088 x11
3104 2024 3446 2091 uirtutibus
3491 2024 3813 2090 Herculis'

553 2144 855 2227 leguntur
872 2144 976 2226 ⁴¹),
1030 2141 1307 2226 denique
1352 2141 1524 2222 libri,
1578 2142 1810 2226 quibus
1856 2144 2127 2227 Vergilii
2174 2143 2506 2209 Iuvenalis
2552 2144 2687 2209 ludi
2735 2144 2994 2209 libellus
3037 2144 3307 2210 traditus
3353 2151 3472 2226 est,
3530 2126 3815 2210 carmina

555 2263 637 2330 (16
679 2264 818 2329 viro
861 2264 1026 2329 bono
1072 2269 1138 2328 et
1180 2262 1263 2328 de
1310 2267 1431 2324 ΝΑΙ
1472 2267 1593 2325 ΚΑΙ
1634 2268 1720 2327 ΟΥ
1754 2263 2159 2329 exhibentes.

725 2383 856 2450 Sed
901 2392 972 2451 ut
1012 2384 1141 2450 iam
1189 2382 1270 2449 de
1316 2383 1613 2466 singulis,
1667 2403 1836 2466 quae
1880 2385 2001 2450 hoc
2043 2383 2435 2468 florilegium
2480 2385 2957 2471 complectitur,
3018 2385 3407 2452 carminibus
3451 2370 3813 2451 accuratius

554 2524 981 2591 exponamus,
1032 2504 1357 2570 Mosella
1399 2510 1657 2588 praeter
1698 2506 1853 2587 hos,
1907 2504 1989 2570 de
2035 2506 2269 2588 quibus
2313 2506 2503 2571 modo
2548 2505 2934 2571 mentionem
2981 2505 3286 2590 fecimus,
3336 2506 3536 2572 libros
3582 2506 3818 2589 legitur

553 2625 620 2691 in
663 2625 1015 2709 Reginensi
1067 2629 1265 2707 1650,
1317 2625 1622 2708 membr.,
1681 2624 1824 2690 foll.
1883 2630 2034 2709 111,
2091 2644 2263 2691 6666.
2318 2627 2514 2710 X42),
2585 2625 2634 2692 f.
2687 2629 2998 2693 39’-40’
3052 2628 3294 2710 (extant
3334 2627 3402 2693 16
3449 2648 3525 2693 66
3568 2634 3813 2693 tantum

555 2767 659 2813 vv.
719 2748 1013 2831 1-180)
1083 2752 1150 2812 61
1192 2744 1709 2829 Rhenaugiensi,
1781 2766 1951 2811 nunc
2008 2746 2345 2812 Turicensi
2403 2748 2583 2832 bybl.
2634 2748 2811 2813 univ.
2885 2748 3106 2831 LXII,
3182 2748 3494 2829 membr.,
3572 2747 3815 2814 formae

553 2866 926 2951 quadratae,
981 2854 1119 2932 foll.
1157 2869 1302 2948 285,
1357 2885 1526 2932 saec.
1563 2867 1713 2949 XII,
1768 2866 1815 2930 f.
1853 2869 2317 2953 283-28543).
2412 2868 2684 2954 primum
2730 2875 2946 2934 autem
2989 2868 3057 2932 in
3103 2869 3376 2934 Mosella
3419 2870 3814 2937 recensendo

554 2989 760 3053 locum
807 2987 1052 3053 obtinet
1100 2992 1170 3069 G,
1230 2988 1341 3070 qui
1383 2993 1561 3054 tanto
1607 3006 1802 3072 opere
1847 2987 2040 3053 etiam
2088 2988 2571 3054 Bruxellensem
2619 2989 2742 3054 etsi
2787 2988 3144 3073 proximum
3188 2989 3476 3056 bonitate
3522 2997 3803 3075 superat,

557 3115 627 3174 ut
671 3129 815 3173 eum
860 3115 1188 3190 tamquam
1236 3107 1662 3173 certissimum
1708 3106 1937 3173 ducem
1983 3128 2099 3174 nos
2146 3108 2331 3191 sequi
2377 3115 2687 3193 oporteat.
2783 3129 3172 3192 quamquam
3227 3131 3351 3175 non
3395 3111 3651 3176 omnino
3698 3112 3815 3177 de-

555 3236 704 3295 sunt
747 3230 892 3310 loci,
948 3229 1054 3295 ubi
1101 3230 1331 3296 ceteris
1377 3229 1559 3295 libris
1604 3230 2175 3315 obtemperandum
2224 3236 2339 3313 est,
2394 3231 2616 3312 veluti,
2670 3238 2740 3298 ut
2784 3252 2977 3296 unum
3022 3252 3372 3316 proponam
3419 3233 3802 3317 exemplum,

557 3371 619 3414 v.
671 3354 752 3414 93
809 3350 1162 3431 ‘melioris',
1218 3349 1391 3434 quod
1432 3350 1671 3434 legitur
1712 3350 1780 3416 in
1830 3357 1901 3432 G,
1963 3350 2260 3417 vitiosum
2309 3358 2425 3433 est,
2492 3373 2574 3418 ex
2618 3373 2679 3418 v.
2733 3355 2816 3416 95
2863 3359 3066 3418 ortum
3113 3359 3224 3418 aut
3269 3372 3348 3417 ex
3395 3352 3592 3435 Verg.
3643 3353 3805 3418 Aen.

560 3471 688 3535 1111
733 3475 850 3534 221
905 3470 1347 3556 desumptum,
1414 3471 1483 3536 id
1528 3471 1701 3556 quod
1746 3470 1988 3536 Lucani
2035 3471 2172 3536 loco
2224 3473 2275 3553 (I
2323 3475 2513 3556 400),
2580 3473 2690 3556 qui
2734 3472 3016 3537 Ausonio
3062 3478 3213 3538 ante
3257 3473 3478 3537 oculos
3523 3478 3813 3538 versatus

556 3598 687 3672 est,
741 3591 1004 3676 egregie
1049 3591 1474 3657 confirmatur.
1570 3598 1791 3657 contra
1834 3591 2404 3675 neglegentissime
2451 3592 2672 3676 scripti
2719 3599 2869 3658 sunt
2913 3592 3327 3676 Reginensis,
3398 3592 3506 3676 qui
3552 3592 3811 3677 propius

557 3712 788 3778 ceteris
845 3711 932 3777 ad
989 3717 1038 3775 G
1098 3711 1377 3794 accedit,
1447 3713 1914 3779 Laurentianus
1959 3712 2046 3776 LI
2096 3715 2205 3794 13,
2275 3732 2465 3795 quem
2523 3733 2603 3778 ex
2664 3713 2892 3778 eodem
2952 3734 3077 3797 quo
3136 3712 3580 3778 Bruxellensis
3637 3712 3812 3778 fonte

556 3832 819 3898 fluxisse
880 3833 1150 3916 iisdem,
1231 3854 1398 3916 quae
1467 3839 1616 3899 sunt
1680 3833 1744 3898 in
1811 3839 2078 3917 utroque
2144 3833 2210 3898 iu
2276 3832 2649 3917 Symmachi
2716 3834 3028 3918 epistula,
3108 3833 3362 3900 lacunis
3429 3833 3804 3918 ostenditur,

560 3953 1111 4037 Rhenaugiensis,
1178 3974 1306 4019 non
1351 3954 1556 4020 solum
1603 3954 1730 4036 616,
1783 3974 1949 4038 quae
1993 3953 2396 4020 librariorum
2443 3953 2772 4019 socordiae
2816 3955 3159 4020 tribuenda
3203 3935 3383 4037 sunt,
3436 3952 3644 4036 vitiis,
3697 3953 3810 4020 sed

557 4074 749 4139 etiam
806 4074 1097 4159 pluribus
1159 4095 1349 4158 quam
1411 4080 1463 4138 B
1519 4075 1891 4140 commentis
1946 4081 2186 4140 temere
2244 4074 2447 4140 illatis
2508 4074 2902 4141 deformatus
2981 4076 3083 4157 (cf.
3133 4097 3193 4140 v.
3253 4078 3329 4139 13
3399 4074 3804 4154 ‘reserabat’,

559 4197 640 4259 20
692 4194 934 4260 ‘villis’
990 4196 1263 4277 (⁴saxis’
1310 4198 1411 4279 B),
1480 4198 1547 4258 51
1617 4195 2005 4278 ‘miramur',
2076 4198 2154 4259 77
2213 4196 2548 4278 ‘meatus',
2616 4199 2694 4262 87
2753 4196 3079 4277 ‘cibaria',
3156 4199 3275 4260 102
3328 4198 3611 4271 ‘mense'
3660 4194 3805 4278 61.).

560 4315 673 4381 1166
728 4315 927 4399 igitur
979 4315 1176 4381 libros
1237 4322 1303 4382 et
1346 4316 1834 4382 Bruxellensem
1892 4335 1973 4380 ex
2033 4313 2259 4381 eodem
2310 4316 2664 4400 exemplari
2709 4315 3027 4401 profectos
3074 4336 3218 4383 esse
3264 4316 3618 4401 scripturae
3662 4336 3815 4380 con—

561 4455 788 4502 sensus
835 4436 1061 4502 edocet
1110 4436 1215 4520 (cf.
1269 4442 1350 4512 60
1406 4435 1702 4518 ‘fluenti',
1768 4439 1850 4501 93
1907 4435 2241 4518 ‘maioris’,
2294 4437 2457 4519 Reg.
2520 4436 2868 4518 ‘maiores',
2926 4440 3044 4502 178
3101 4436 3436 4520 ‘igneus’).
3532 4441 3812 4500 ceterum

560 4557 1020 4639 Pulmannum,
1073 4556 1184 4640 qui
1228 4564 1484 4642 praeter
1526 4557 2062 4623 Gemblacensem
2110 4558 2183 4623 C.
2236 4556 2516 4622 Cornelii
2563 4556 2902 4623 Gualtheri
2946 4557 3315 4638 Mosellam,
3369 4556 3599 4621 librum
3646 4555 3814 4620 anti-

558 4698 781 4762 quum,
845 4697 916 4743 se
961 4677 1337 4744 adhibuisse
1385 4678 1571 4760 dicit,
1637 4699 1763 4744 non
1809 4677 2030 4743 codice
2075 4677 2215 4763 ipso
2262 4697 2447 4743 usum
2494 4697 2672 4758 esse,
2741 4678 2857 4743 sed
2901 4677 3231 4763 scripturis
3277 4698 3355 4742 ex
3401 4676 3815 4760 Sangallensi

560 4798 911 4882 excerptis,
989 4817 1152 4880 quas
1213 4798 1550 4865 Cornelius
1611 4798 2007 4864 Gualtherus
2068 4800 2365 4863 Wouters
2420 4819 2462 4863 a
2521 4797 2750 4864 comite
2807 4800 3173 4863 Hermanno
3233 4796 3560 4862 Nuenario
3628 4816 3816 4861 acce-

733 5093 817 5154 41)
858 5094 989 5142 111161·
1024 5094 1350 5154 Petavianus,
1403 5107 1469 5141 ex
1518 5108 1617 5155 quo
1652 5093 1897 5141 Heinsius
1942 5093 1994 5140 16
2033 5092 2307 5155 exemplari
2346 5094 2675 5152 Lugdunensi
2712 5093 2983 5156 scripturas
3021 5094 3212 5154 aliquot
3245 5091 3299 5138 in
3338 5090 3606 5140 Caesarum
3643 5105 3814 5139 mono-

560 5181 733 5229 stichis
770 5181 1013 5241 enotavit,
1052 5186 1249 5242 praeter
1283 5181 1375 5229 hoc
1412 5193 1609 5227 carmen
1636 5180 1845 5240 Vergilii
1871 5180 2125 5242 Catalepta
2161 5181 2467 5229 continebat.
2544 5196 2692 5243 quem
2730 5196 2829 5229 6611
2867 5180 3085 5229 eundem
3120 5192 3229 5227 esse
3268 5193 3324 5227 66
3347 5178 3629 5226 Parisinum
3656 5176 3807 5238 7927,

557 5268 607 5315 id
644 5268 776 5328 quod
812 5268 1097 5331 suspicatus
1134 5271 1213 5315 est
1248 5267 1490 5330 Peiperus
1528 5265 1649 5329 302,
1687 5266 1886 5315 edocuit
1921 5281 2000 5314 me
2037 5268 2098 5315 Α.
2142 5268 2382 5330 Sebosus,
2424 5282 2611 5329 negans
2647 5270 2704 5317 in
2741 5267 2964 5315 Parisino
3002 5267 3234 5314 Caesares
3270 5265 3455 5314 inesse.

733 5353 816 5413 42)
862 5355 1159 5414 Reginensis
1196 5352 1317 5400 haec
1354 5353 1731 5416 complectitur:
1773 5355 1810 5402 f.
1850 5352 2046 5402 1—1ov
2082 5356 2457 5402 commentarios
2493 5355 2547 5402 in
2583 5355 2832 5412 Orosiutn,
2877 5350 3130 5401 11r—39v
3167 5355 3404 5414 excerpta
3438 5364 3502 5398 ex
3541 5351 3807 5410 Prisciano,

560 5439 818 5488 :sev—40¹
855 5439 1190 5506 fragmentum
1226 5439 1461 5487 Mosellae
1508 5440 1838 5502 inscriptione
1887 5453 1986 5488 non
2037 5440 2258 5500 adiecta,
2308 5440 2403 5488 40¹1
2441 5441 2713 5500 fragmenta
2749 5438 3001 5500 glossarii,
3054 5435 3318 5485 sir—104
3361 5436 3460 5499 (hic
3495 5438 3626 5485 alter
3661 5437 3812 5484 codex

559 5525 651 5586 est)
697 5525 930 5573 Macrobii
969 5526 1070 5574 Sat.
1114 5526 1316 5586 1—-111‚
1360 5524 1625 5575 105—111
1678 5527 1870 5588 (tertius
1906 5527 1989 5574 hic
2023 5526 2194 5587 codex)
2252 5527 2531 5586 fragmenta
2566 5524 2990 5588 interpretationis
3026 5523 3210 5571 latinae
3247 5523 3446 5571 Veteris
3479 5522 3809 5571 Testamenti.

556 5638 627 5647 —
662 5612 921 5661 Mosellam
960 5613 1011 5659 in
1048 5613 1143 5660 1166
1176 5613 1302 5661 libro
1337 5613 1552 5661 contulit
1587 5614 1648 5663 A.
1690 5612 1824 5675 Mau,
1868 5615 1919 5660 in
1957 5613 2331 5672 Rhenaugiensi
2367 5615 2478 5676 ipse
2515 5613 2735 5661 excussi.

731 5697 817 5758 43)
859 5698 1236 5760 Rhenaugiensi
1273 5698 1393 5747 haec
1418 5700 1760 5748 continentur:
1807 5700 1842 5748 f.
1878 5698 2078 5749 1—283
2117 5699 2443 5759 Prudentius,
2484 5696 2756 5748 283—285
2794 5696 3022 5759 Mosella,
3061 5694 3162 5745 285
3202 5694 3508 5744 Prooemium
3538 5708 3689 5756 super
3711 5692 3813 5742 XII

560 5785 770 5846 lapidea.
2859 5801 2864 5806 ·
