4630 6435
1979 428 1982 432 Δ
2017 436 2480 493 PROOEMIVM.
3729 442 3882 506 LIII

618 665 903 730 Ausonio
962 665 1104 749 ipso
1163 664 1299 729 sive
1358 664 1440 728 ab
1486 663 1615 728 alio
1660 662 1917 728 homine
1961 662 2074 727 illo
2122 662 2455 728 etiamtum
2499 661 2759 728 vivente
2806 662 3248 728 concinnatam
3267 665 3310 744 2)
3343 715 3357 744 ,
3422 665 3692 729 alteram
3737 673 3882 749 post
3902 655 3929 855 s

619 785 888 851 Ausonii
933 792 1199 851 mortem
1244 806 1285 850 a
1328 782 1630 867 quodam,
1682 782 1792 866 qui
1836 788 1947 847 aut
1992 782 2372 865 cognatione
2418 789 2531 848 aut
2573 781 3010 849 familiaritate
3057 783 3337 867 quadam
3383 804 3527 849 cum
3571 785 3684 851 illo
3730 806 3881 852 con-

620 907 876 972 iunctus
921 913 1095 988 erat,
1163 904 1553 986 confectam,
1613 903 1685 969 id
1729 902 1900 986 quod
1944 909 2115 969 recte
2163 904 2468 971 statuisse
2511 903 2769 970 videtur
2812 903 3206 970 Brandesius
3250 905 3418 970 Ann.
3468 905 3631 990 phil.
3686 909 3873 990 1881,

623 1030 723 1108 76,
779 1027 958 1092 cuius
1003 1026 1507 1111 disputationem
1553 1024 1669 1106 eis,
1725 1044 1892 1107 quae
1937 1043 2086 1089 mox
2131 1045 2469 1109 exponam,
2522 1032 2848 1108 tamquam
2895 1025 3383 1091 fundamentum
3429 1026 3763 1092 subiciam.

793 1148 1058 1213 Maximi
1122 1147 1193 1211 in
1260 1167 1340 1212 ea
1404 1167 1472 1212 re
1540 1145 1931 1229 explicanda
1995 1153 2095 1212 est
2160 1147 2464 1211 momenti
2524 1146 2855 1231 inscriptio
2915 1145 3216 1212 carminis
3276 1146 3465 1231 primi
3525 1147 3606 1213 de
3665 1148 3882 1213 Fastis

630 1269 842 1353 (XXII
895 1271 974 1351 i),
1031 1287 1199 1350 quae
1243 1267 1309 1331 in
1358 1268 1703 1351 Mlcv²b²99²
1745 1266 2013 1349 legitur:
2078 1266 2455 1332 ‘Consulari
2500 1266 2660 1332 libro
2707 1265 3064 1331 subiciendi
3109 1286 3297 1350 quem
3344 1287 3466 1351 ego
3511 1288 3593 1333 ex
3637 1269 3883 1335 cunctis

620 1389 987 1456 consulibus
1048 1409 1244 1454 unum
1305 1387 1488 1472 coegi
1549 1386 1843 1469 gregorio
1901 1407 1983 1451 ex
2040 1386 2238 1470 p1·ef.’
2317 1408 2398 1452 ex
2472 1408 2602 1469 qua
2679 1387 3078 1469 intellegitur
3135 1387 3487 1454 Ausonium
3546 1391 3883 1454 Fastorum

624 1511 851 1576 librum
900 1508 984 1574 ad
1031 1509 1410 1592 Gregorium
1456 1508 1575 1574 hoc
1623 1507 1904 1572 carmine
1948 1506 2199 1572 adiecto
2245 1507 2525 1572 misisse.
2619 1508 2736 1573 sed
2779 1508 2952 1573 idem
3000 1527 3257 1573 carmen
3300 1508 3368 1573 in
3425 1514 3471 1572 V
3513 1509 3884 1577 inscribitur

631 1631 987 1697 ‘Ausonius
1032 1629 1351 1713 Hesperio
1408 1627 1543 1693 filio
1604 1627 1781 1710 sal.’,
1849 1627 2021 1693 unde
2075 1633 2254 1712 patet
2299 1627 2614 1712 Hesperio
2675 1648 2926 1712 quoque
2984 1649 3025 1692 a
3083 1634 3268 1712 patre
3329 1628 3449 1695 hoc
3507 1631 3881 1714 opusculum

623 1752 787 1818 dono
845 1751 1063 1816 datum
1125 1770 1272 1815 esse
1331 1747 1558 1814 eodem
1617 1747 1896 1813 carmine
1949 1753 2266 1813 omatum.
2361 1749 2554 1835 plane
2615 1748 2842 1814 eadem
2902 1768 3007 1814 res
3065 1755 3165 1815 est
3221 1750 3290 1815 in
3348 1750 3887 1835 Technopaegnio

632 1872 949 1954 (XXVH).
1045 1891 1197 1936 nam
1244 1869 1392 1936 huic
1438 1868 1706 1934 carmini
1750 1868 2039 1953 praefixa
2085 1875 2184 1934 est
2230 1869 2509 1954 epistula
2552 1868 2620 1934 in
2666 1893 2718 1932 ω
2766 1868 2849 1934 ad
2896 1869 3270 1951 Paulinum,
3340 1870 3407 1935 in
3466 1876 3514 1934 V
3550 1870 3636 1936 ad
3680 1872 3883 1937 Paca-

625 1999 756 2058 tum
817 1991 1077 2076 scripta.
1176 1990 1448 2074 primum
1505 1988 1703 2072 igitur
1761 1988 2069 2070 Paulino,
2136 1988 2375 2054 deinde
2437 1989 2674 2054 Pacato
2733 1988 2802 2053 id
2860 2009 3116 2054 carmen
3162 1991 3486 2057 Ausonius
3547 1991 3788 2057 dicavit
3805 1996 3877 2075 ³).

793 2305 841 2368 2)
882 2307 1168 2354 Ausonium
1205 2304 1450 2368 opuscula
1485 2317 1578 2351 sua
1614 2302 1676 2348 ad
1713 2302 1899 2351 amicos
1936 2302 2136 2350 misisse
2174 2301 2360 2350 additis
2399 2301 2550 2349 simul
2587 2302 2824 2364 epistulis
2864 2302 2941 2349 vel
2971 2303 3294 2365 carminibus,
3334 2304 3519 2365 quibus
3544 2305 3742 2354 libellos
3767 2320 3885 2355 suos

621 2394 719 2442 illis
765 2393 1163 2455 commendaret,
1214 2406 1278 2439 ex
1315 2388 1577 2454 opusculis
1611 2389 1736 2449 ipsis
1772 2402 1829 2436 ac
1866 2386 2144 2447 Symmachi
2182 2389 2419 2452 epistulis
2456 2389 2480 2435 1
2523 2386 2605 2450 14,
2647 2387 2676 2434 5
2715 2393 2766 2436 et
2804 2386 2886 2449 31,
2932 2387 2962 2437 2
2999 2389 3336 2449 intellegitur.
3412 2404 3578 2453 neque
3614 2396 3783 2440 tamen
3822 2406 3886 2440 ex

622 2494 708 2540 eo,
759 2480 889 2540 quod
924 2478 1173 2542 opuscula
1209 2491 1321 2526 cum
1359 2477 1531 2525 amicis
1569 2475 1687 2523 solis
1724 2475 2090 2524 communicare
2126 2474 2332 2523 videtur
2367 2479 2419 2523 et
2455 2475 2513 2523 E.
2555 2474 2708 2522 XVII
2748 2473 2814 2523 29
2850 2474 2912 2523 de
2949 2477 3141 2535 volgato
3178 2477 3391 2537 quodam
3428 2490 3482 2525 se
3518 2479 3679 2526 invito
3713 2478 3885 2527 libello

621 2566 879 2627 queritur,
930 2565 1132 2624 colligas
1179 2578 1295 2612 eum
1342 2564 1496 2611 libros
1543 2575 1659 2609 suos
1709 2561 1912 2624 publico
1958 2563 2076 2609 usui
2126 2574 2225 2609 non
2274 2561 2628 2609 destinavisse.
2704 2563 2859 2609 immo
2896 2563 2948 2608 in
2986 2562 3066 2609 his
3104 2563 3229 2610 nihil
3268 2563 3405 2611 aliud
3444 2564 3751 2626 conspicitur
3786 2566 3886 2614 nisi

624 2665 752 2713 quae
802 2656 908 2699 erat
952 2652 1068 2698 eius
1116 2649 1295 2698 aetatis
1347 2649 1503 2696 nimia
1548 2647 1813 2695 adfectatio
1860 2661 1916 2696 ac
1958 2647 2144 2695 blanda
2191 2648 2561 2706 tergiversatio.
2635 2647 2758 2695 adde
2809 2648 2942 2711 quod
2977 2648 3236 2698 Ausonius
3284 2652 3395 2713 ipse
3434 2651 3636 2714 saepius
3674 2651 3889 2701 lecturos

624 2739 907 2799 adloquitur
950 2734 1029 2796 (cf.
1074 2737 1166 2799 111,
1208 2736 1342 2798 qnod
1380 2748 1577 2782 carmen
1615 2735 1676 2782 ad
1714 2734 1936 2795 syllogen
1970 2735 2327 2797 opusculorum
2366 2734 2426 2781 ad
2464 2734 2725 2794 Syagrium
2764 2735 2965 2782 missam
3002 2737 3249 2797 pertinet3
3291 2736 3366 2783 XI
3410 2734 3455 2796 1,
3496 2736 3556 2798 43
3598 2736 3696 2784 XV
3739 2735 3785 2797 1,
3827 2736 3887 2800 23

625 2823 676 2886 2,
720 2823 809 2885 153
861 2823 1013 2871 XVII
1055 2821 1110 2883 1;
1162 2822 1261 2870 XX
1300 2820 1360 2883 73
1403 2820 1553 2869 XXV
1588 2820 1662 2883 3).
1738 2835 1889 2883 quam
1925 2821 1985 2868 ob
2023 2834 2127 2867 rem
2166 2834 2482 2881 nequaquam
2519 2836 2547 2868 a
2584 2834 2699 2868 vero
2735 2821 2962 2868 abhorret
3005 2822 3102 2869 iam
3140 2823 3422 2871 Ausonium
3459 2824 3628 2885 ipsum
3666 2825 3888 2886 syllogen

622 2912 973 2973 opusculorum
1011 2910 1063 2956 in
1103 2908 1362 2971 publicum
1399 2908 1647 2955 emisisse.
1714 2913 1847 2955 certe
1884 2908 1995 2968 ipse
2034 2908 2255 2955 carmina
2289 2908 2531 2969 quaedam
2568 2908 2622 2954 in
2661 2921 2819 2954 unum
2856 2921 3035 2969 corpus
3073 2909 3355 2969 coniunxit,
3397 2911 3556 2959 veluti
3584 2910 3773 2959 Versus
3799 2926 3889 2974 pa-

621 2997 812 3044 schales
849 2996 957 3057 vel,
997 2996 1040 3043 si
1076 3009 1250 3044 versus
1286 2995 1558 3055 rhopalieos
1595 3007 1853 3054 germanos
1888 3007 2000 3041 esse
2036 2999 2213 3056 putas,
2253 2994 2341 3041 hos
2379 2998 2429 3041 et
2466 2993 2772 3056 Epicedion,
2814 2994 3128 3056 Parentalia,
3168 2995 3303 3043 Prof.
3343 2995 3495 3046 Burd.
3539 3010 3889 3045 commemora-

624 3084 838 3144 tionem,
882 3082 1170 3144 Epitaphia.
1247 3086 1400 3142 atque
1438 3094 1483 3130 e.
1524 3079 1555 3129 2
1593 3085 1646 3128 et
1681 3094 1727 3127 e.
1769 3079 1835 3129 35
1873 3081 2163 3128 referuntur
2197 3080 2255 3128 ad
2295 3080 2508 3138 syllogas
2545 3080 2985 3142 epigrammatum,
3039 3081 3261 3142 epistula
3296 3082 3358 3129 ad
3392 3082 3630 3131 Pacatum
3669 3083 3889 3145 (XXIII)

621 3170 803 3231 scripta
853 3169 1074 3230 pertinet
1123 3168 1185 3215 ad
1231 3181 1409 3230 corpus
1459 3167 1769 3228 eglogarum3
1826 3180 1940 3214 nam
1978 3167 2084 3228 eis,
2135 3180 2262 3229 quae
2298 3167 2353 3213 in
2393 3181 2472 3213 vv.
2517 3165 2547 3213 5
2584 3171 2636 3213 et
2674 3164 2700 3213 ‘1
2739 3168 3013 3227 leguntur,
3066 3180 3166 3214 non
3202 3168 3592 3231 epigrammata,
3645 3169 3735 3216 sed
3772 3171 3892 3217 talia

619 3256 872 3316 carmina,
912 3256 1080 3316 qualia
1118 3258 1241 3302 sunt
1277 3253 1472 3317 Cupido
1509 3254 1590 3300 vel
1628 3253 1867 3316 Griphus,
1909 3254 2260 3313 significantur
2304 3254 2385 3313 (cf.
2426 3253 2633 3301 XXIIII
2677 3252 2724 3314 1,
2763 3252 2825 3315 63
2875 3253 3052 3302 XXVI
3093 3253 3136 3316 1,
3186 3254 3208 3303 1
3249 3259 3301 3302 et
3341 3254 3429 3318 ¹13
3483 3255 3685 3304 XXVII
3722 3255 3773 3318 4,
3818 3256 3886 3317 1).

617 3343 740 3390 adde
791 3341 922 3404 quod
971 3342 1025 3388 in
1064 3338 1232 3401 2992E
1261 3341 1383 3388 haec
1422 3344 1565 3387 extat
1602 3340 1870 3402 Cupidinis
1907 3340 2115 3386 cruciati
2158 3339 2384 3400 (XXIIII
2426 3337 2473 3399 l)
2512 3339 2772 3401 inscriptio
2812 3339 3029 3401 ‘Incipit
3065 3341 3394 3401 aeglogarum.
3469 3342 3729 3390 Ausonius
3767 3343 3891 3390 Gre-

616 3430 749 3487 gorio
785 3427 935 3489 sslio',
985 3440 1084 3487 qua
1129 3427 1384 3474 indicatur
1428 3427 1481 3473 in
1530 3425 1685 3474 altero
1734 3439 1932 3487 corpore
1978 3424 2055 3486 (ω)
2111 3426 2395 3485 eglogarmn
2447 3426 2633 3473 librum
2671 3427 3006 3474 constitutum
3042 3428 3221 3476 fuisse.
3297 3433 3446 3489 atque
3483 3429 3593 3490 ipse
3628 3430 3890 3478 Ausonius

620 3513 922 3574 Cupidinem
977 3515 1200 3573 eglogam
1260 3514 1515 3575 nominat3
1574 3513 1627 3560 in
1682 3512 1722 3559 V
1762 3525 1960 3559 carmen
2008 3512 2068 3559 ad
2118 3512 2357 3560 Pacatum
2406 3516 2647 3560 secuntur
2701 3514 2920 3561 carmina
2965 3512 3549 3575 XXVIIII—XXXII,
3611 3514 3891 3577 ΧΧΧΙΙΙΙ,

623 3600 837 3662 XXXV,
889 3614 952 3648 ex
989 3601 1175 3661 quibus
1212 3613 1252 3646 c.
1297 3598 1552 3646 XXVIIII
1589 3600 1643 3646 in
1681 3597 1726 3644 Ρ
1758 3599 2054 3660 inscriptum
2092 3603 2171 3645 est
2210 3596 2466 3657 ‘egloga
2501 3599 2565 3645 de
2602 3599 2928 3659 ambiguitate
2966 3599 3073 3646 uite
3110 3599 3387 3660 eligende',
3443 3601 3891 3649 XXX—XXXII

629 3688 826 3747 eglogae
868 3687 1186 3748 appellantur
1230 3686 1283 3733 in
1331 3685 1788 3747 subscriptionibus
1832 3685 2058 3733 codicum
2099 3683 2214 3731 GW
2255 3685 2594 3745 librorumque
2629 3684 2966 3747 quorundam,
3018 3686 3204 3745 quibus
3241 3686 3451 3746 Vergilii
3488 3686 3746 3734 Iuvenalis
3782 3687 3889 3735 ludi

621 3773 824 3821 libellus
872 3773 1160 3820 continetur
1213 3772 1297 3832 (cs.
1339 3772 1535 3841 Peiper.
1581 3769 1721 3831 309).
1797 3771 1932 3818 unde
1981 3772 2079 3818 iam
2130 3771 2257 3818 mihi
2307 3776 2442 3818 recte
2488 3771 2720 3831 colligere
2769 3770 2937 3818 videor
2972 3772 3253 3818 Ausonium
3301 3773 3519 3820 carmina
3554 3772 3799 3833 quaedam
3836 3775 3890 3821 in

623 3875 778 3908 unum
817 3861 1022 3921 librum,
1062 3861 1149 3920 qui
1192 3858 1533 3918 ‘Eglogarum’
1570 3859 1844 3921 inscriptus
1881 3863 2005 3918 erat,
2049 3859 2374 3906 coniunxisse
2410 3864 2562 3918 atque
2599 3858 2732 3905 hunc
2769 3858 2829 3906 ad
2865 3858 3101 3906 Pacatum
3139 3858 3338 3905 misisse
3378 3858 3464 3921 (cf.
3506 3859 3701 3920 Peiper.
3742 3857 3880 3919 274).

621 3960 921 4008 quamquam
971 3946 1257 4008 obloquitur
1292 3944 1598 3993 Brandesius
1635 3959 1686 4006 p.
1728 3942 1795 3992 64
1831 3950 1981 4005 atque
2017 3959 2080 3991 ex
2118 3945 2275 3992 colore
2312 3945 2577 4004 carminis,
2634 3945 2766 4006 quod
2805 3945 2864 3992 ad
2902 3945 3140 3992 Pacatum
3178 3946 3421 4006 scriptum
3458 3950 3564 4006 est,
3615 3949 3666 3993 et
3703 3944 3888 3993 Catulli

619 4034 751 4092 loco,
819 4045 918 4094 quo
978 4046 1102 4079 usus
1162 4036 1239 4079 est
1293 4032 1581 4090 Ausonius,
1645 4031 1875 4078 evincere
1937 4031 2110 4079 studet
2161 4032 2470 4093 prooemium
2527 4031 2648 4079 illud
2702 4031 2765 4079 ad
2822 4031 3046 4092 syllogen
3100 4032 3511 4092 epigrammatum
3566 4032 3886 4080 referendum

618 4133 747 4168 esse.
823 4118 939 4181 sed,
987 4118 1034 4166 id
1085 4118 1216 4180 quod
1262 4119 1360 4164 iam
1411 4131 1558 4179 supra
1594 4118 1847 4179 diximus,
1904 4131 2001 4166 non
2040 4119 2396 4180 epigrammata
2434 4119 2597 4166 verbis
2642 4117 2970 4180 ‘quisquilias
3005 4118 3357 4182 ineptiasque'
3393 4119 3759 4177 significantur.
3836 4125 3888 4167 et

621 4205 806 4253 Catulli
853 4206 956 4253 loco
1003 4204 1178 4254 eodem
1226 4204 1371 4252 modo
1413 4218 1537 4251 usus
1575 4209 1653 4251 est
1687 4205 1944 4252 Ausonius
1982 4205 2033 4250 in
2072 4205 2382 4265 praefatione
2419 4204 2597 4265 Griphi
2644 4203 2836 4265 (XXVI
2880 4203 2923 4266 1,
2966 4201 3039 4264 4).
3117 4217 3281 4265 neque
3321 4217 3435 4251 vero
3473 4205 3730 4252 Brandesii
3768 4219 3885 4253 con-

619 4292 811 4339 iectura
846 4292 1167 4338 confirmatur
1202 4291 1371 4337 Pacati
1409 4291 1462 4337 in
1499 4302 1542 4339 e.
1587 4289 1672 4351 35,
1713 4289 1745 4338 9
1782 4291 2259 4350 commemoratione,
2302 4291 2365 4338 de
2401 4305 2499 4352 qua
2536 4304 2651 4338 mox
2689 4303 3017 4351 exponemus
3085 4302 3195 4336 nam
3236 4290 3279 4337 si
3317 4303 3369 4336 re
3407 4304 3522 4338 vera
3558 4292 3884 4353 epIgramma-

619 4383 725 4424 tum
775 4377 997 4437 syllogen
1047 4377 1107 4423 ad
1144 4377 1378 4424 Pacatum
1428 4377 1565 4423 misit
1602 4377 1861 4424 Ausonius
1906 4377 1996 4424 hoc
2042 4378 2397 4438 epigrammate
2447 4379 2691 4438 praefixo,
2746 4377 2866 4437 quid
2920 4389 3108 4436 quaeso
3145 4377 3191 4422 ei
3230 4390 3355 4436 opus
3391 4383 3498 4424 erat
3532 4377 3586 4424 in
3624 4378 3794 4426 eadem
3832 4392 3884 4426 re

622 4465 777 4510 altero
824 4461 1119 4524 prooemio?'
1151 4489 1221 4497 -—
1271 4463 1444 4523 quodsi
1496 4463 1766 4526 imperator
1803 4463 2111 4511 Theodosius
2152 4465 2430 4512 Ausonium
2476 4467 2638 4523 rogat,
2693 4468 2752 4509 ut
2785 4463 2880 4509 sibi
2920 4463 3103 4522 scripta
3140 4476 3232 4510 sua
3271 4463 3551 4524 impertiat,
3603 4464 3654 4511 id
3690 4479 3884 4526 nequa-

620 4563 768 4608 quam
806 4550 878 4596 ita
915 4549 1261 4611 accipiendum
1300 4553 1407 4609 est,
1458 4553 1517 4595 ut
1553 4553 1832 4596 statuamus
1869 4562 1926 4596 eo
1964 4554 2184 4610 tempore
2223 4550 2445 4608 syllogen
2482 4549 2832 4609 opusculorum
2869 4548 3082 4595 Ausonii
3118 4562 3216 4595 non
3254 4549 3501 4595 extitisse.
3581 4549 3708 4595 nihil
3744 4551 3879 4597 aliud

620 4636 753 4681 enim
800 4635 977 4695 agebat
1026 4635 1112 4681 ille
1160 4635 1252 4682 hac
1300 4635 1549 4697 epistula,
1606 4635 1705 4681 nisi
1757 4640 1812 4683 ut
1859 4637 1969 4682 seni
2007 4636 2069 4682 de
2104 4637 2265 4696 patria
2300 4637 2489 4697 optime
2528 4637 2705 4683 merito
2742 4637 2931 4683 iustum
2970 4636 3204 4682 honorem
3242 4636 3502 4682 tribueret.
3580 4640 3731 4696 atque
3769 4639 3881 4699 ipse

619 4723 803 4769 fatetur
849 4735 903 4768 se
951 4720 1067 4768 olim
1103 4722 1317 4769 Ausonii
1365 4723 1551 4781 scripta
1599 4722 1905 4769 lectitavisse
1953 4728 2006 4769 et
2055 4723 2275 4782 syllogen
2325 4722 2677 4784 opusculorum
2714 4722 2927 4770 Ausonii
2965 4736 3011 4769 a.
3052 4722 3156 4769 fere
3193 4733 3500 4768 cccnxxxru
3537 4722 3879 4769 concinnatam

618 4821 728 4856 esse
765 4821 877 4854 mox
915 4807 1217 4856 docebimus.
1294 4812 1515 4856 ceterum
1551 4822 1680 4869 quae
1719 4809 1809 4858 Th.
1855 4808 2044 4856 Bittius
2082 4822 2245 4871 nuper
2279 4808 2339 4856 in
2375 4809 2520 4870 libro,
2562 4823 2712 4870 quem
2748 4809 3011 4870 inscripsit
3051 4808 3182 4855 ‘Das
3219 4808 3390 4855 antike
3426 4807 3776 4866 Buchwesen',
3817 4808 3880 4856 de

619 4895 824 4954 ratione,
868 4907 1015 4953 quam
1054 4894 1311 4942 Ausonius
1348 4896 1400 4942 in
1452 4895 1754 4942 carminibus
1802 4894 2154 4955 componendis
2202 4901 2354 4956 atque
2403 4894 2611 4942 edendis
2654 4900 2859 4943 secutus
2895 4898 3005 4956 est,
3060 4892 3337 4956 disputavit
3380 4893 3446 4956 (p.
3496 4892 3584 4942 101
3615 4909 3713 4956 sq.,
3759 4894 3874 4950 156,

620 4979 770 5041 304),
820 4993 996 5027 vereor
1043 4984 1102 5026 ut
1149 4981 1341 5041 probari
1392 4982 1606 5041 possint.
1682 4986 1817 5028 certe
1861 4993 2027 5042 neque
2074 4994 2138 5027 ex
2186 4979 2584 5042 praefatiuncula
2621 4980 3005 5043 Epitaphiorum
3054 4980 3215 5038 colligi
3250 4983 3416 5039 potest
3452 4993 3512 5026 ea
3546 4979 3638 5026 hoc
3673 4981 3879 5028 consilio

620 5065 748 5113 Pros.
794 5065 944 5112 Burd.
987 5067 1439 5115 commemorationi
1488 5066 1679 5114 adiecta
1725 5081 1861 5124 esse,
1919 5072 1978 5114 ut
2025 5068 2153 5128 quod
2202 5067 2421 5114 restabat
2471 5080 2680 5113 vacuum
2730 5067 2781 5112 in
2832 5065 3086 5113 volumine
3138 5065 3458 5126 expleretur,
3513 5079 3676 5126 neque
3724 5066 3876 5113 ullam

621 5153 723 5198 veri
780 5153 1000 5214 speciem
1036 5153 1189 5200 habet
1226 5154 1277 5199 in
1316 5153 1556 5215 opusculo
1592 5153 1653 5200 de
1688 5154 1886 5200 Bissula
1922 5154 2195 5215 compluria
2231 5154 2585 5214 epigrammata
2622 5153 2934 5200 intercidisse
2970 5165 3136 5212 neque
3173 5150 3392 5210 denique
3431 5156 3563 5199 recte
3602 5158 3879 5214 temptatur

619 5238 992 5297 epigrammatis
1029 5237 1059 5286 2
1108 5239 1164 5285 in
1212 5239 1532 5287 Bruxellensi
1580 5240 1839 5301 inscriptio
1891 5239 2296 5287 ‘Commendatio
2335 5236 2560 5286 codicis'.
2638 5253 2749 5285 nam
2800 5245 2852 5285 et
2901 5239 3152 5285 volumina
3195 5243 3246 5285 et
3294 5238 3485 5285 codices
3527 5252 3585 5285 ea
3620 5242 3783 5286 aetate
3819 5240 3874 5285 in

624 5337 713 5369 usn
758 5324 914 5371 fnisse
950 5325 1094 5371 docet
1132 5324 1411 5382 Symmachi
1454 5326 1546 5386 (111
1592 5323 1669 5386 11,
1712 5325 1765 5384 4)
1808 5326 1945 5373 locus
1983 5328 2043 5373 ab
2084 5327 2193 5386 ipso
2232 5326 2391 5372 Bittio
2429 5325 2624 5373 adlatus
2662 5340 2744 5383 ac,
2800 5326 2845 5372 si
2883 5323 3015 5384 apud
3054 5325 3334 5371 Ausonium
3375 5330 3434 5371 ut
3469 5324 3601 5386 apud
3643 5324 3874 5390 Symma-

618 5409 763 5456 chum
815 5410 1111 5472 plerumque
1158 5410 1413 5459 volumina
1458 5417 1934 5473 commemorantur,
1989 5413 2040 5458 in
2082 5425 2140 5459 ea
2175 5427 2228 5459 re
2266 5417 2478 5473 uterque
2515 5420 2740 5458 veterum
2779 5411 3074 5471 scriptorum
3112 5410 3341 5471 exempla
3378 5412 3533 5470 magis
3568 5424 3717 5471 quam
3755 5423 3874 5458 suae

623 5496 800 5542 aetatis
838 5509 987 5544 usum
1022 5498 1309 5559 respexisse
1348 5497 1565 5545 videtur.

790 5581 842 5642 3)
882 5582 1015 5644 quod
1052 5582 1251 5630 XXVII
1288 5582 1337 5644 4,
1384 5583 1446 5632 10
1483 5596 1579 5631 non
1620 5584 1778 5632 solum
1816 5585 1868 5631 in
1913 5584 1969 5646 V,
2022 5583 2108 5632 sed
2146 5585 2296 5630 etiam
2335 5586 2388 5631 in
2427 5599 2470 5633 ω
2513 5583 2745 5631 ‘Pacato‘
2781 5583 2986 5644 legitur,
3024 5581 3081 5628 id
3116 5580 3288 5628 eodem
3328 5581 3472 5629 modo
3509 5595 3605 5643 quo
3643 5580 3873 5642 duplices

618 5667 891 5727 scripturae
927 5670 980 5715 in
1008 5669 1407 5728 cantabrigiensi
1445 5669 1742 5732 explicatur.
1816 5670 2057 5717 nimirum
2092 5670 2324 5717 librarius
2360 5670 2582 5730 quidam,
2624 5669 2710 5730 qni
2748 5668 2953 5715 alterius
2989 5667 3188 5726 generis
3225 5667 3386 5714 codice
3425 5682 3547 5715 usus
3584 5672 3677 5728 est,
3721 5681 3875 5729 super

624 5750 886 5801 ‘Paulino'
925 5756 1256 5820 adscripscrat
1297 5755 1546 5816 ‘Pacato',
1588 5755 1719 5818 quod
1757 5763 1931 5822 postca
1968 5759 2028 5804 ab
2064 5759 2218 5806 altero
2255 5756 2455 5804 Paulini
2495 5758 2693 5804 nomine
2730 5756 2945 5819 expulso
2983 5758 3236 5818 receptum
3275 5761 3369 5803 est.
