<?xml version="1.0" encoding="UTF-8"?>
<!DOCTYPE html PUBLIC "-//W3C//DTD XHTML 1.0 Transitional//EN"
    "http://www.w3.org/TR/xhtml1/DTD/xhtml1-transitional.dtd">
<html xmlns="http://www.w3.org/1999/xhtml" xml:lang="en" lang="en">
 <head>
  <title>
</title>
<meta http-equiv="Content-Type" content="text/html;charset=utf-8" />
  <meta name='ocr-system' content='tesseract 3.04.00' />
  <meta name='ocr-capabilities' content='ocr_page ocr_carea ocr_par ocr_line ocrx_word'/>
</head>
<body>
  <div class='ocr_page' id='page_1' title='image "./dmagniavsoniiop02ausogoog_0157.png"; bbox 0 0 4630 6435; ppageno 0'>
   <div class='ocr_carea' id='block_1_1' title="bbox 1821 432 3768 505">
    <p class='ocr_par' dir='ltr' id='par_1_1' title="bbox 1821 432 3768 505">
     <span class='ocr_line' id='line_1_1' title="bbox 1821 432 3768 505; baseline 0.004 -19"><span class='ocrx_word' id='word_1_1' title='bbox 1821 432 2163 488; x_wconf 83' lang='lat' dir='ltr'>MOSELLA</span> <span class='ocrx_word' id='word_1_2' title='bbox 2202 434 2452 497; x_wconf 85' lang='lat' dir='ltr'><strong>(XVIII).</strong></span> <span class='ocrx_word' id='word_1_3' title='bbox 3687 445 3768 505; x_wconf 84' lang='lat'>85</span> 
     </span>
    </p>
   </div>
   <div class='ocr_carea' id='block_1_2' title="bbox 972 623 3119 3915">
    <p class='ocr_par' dir='ltr' id='par_1_2' title="bbox 1005 623 3073 1121">
     <span class='ocr_line' id='line_1_2' title="bbox 1005 623 3073 711; baseline 0.004 -26"><span class='ocrx_word' id='word_1_4' title='bbox 1005 646 1068 685; x_wconf 83' lang='lat'>85</span> <span class='ocrx_word' id='word_1_5' title='bbox 1354 623 1715 704; x_wconf 82' lang='lat' dir='ltr'><strong>Squameus</strong></span> <span class='ocrx_word' id='word_1_6' title='bbox 1762 624 2069 690; x_wconf 86' lang='lat' dir='ltr'>herbosas</span> <span class='ocrx_word' id='word_1_7' title='bbox 2115 625 2326 711; x_wconf 85' lang='lat' dir='ltr'>capito</span> <span class='ocrx_word' id='word_1_8' title='bbox 2370 625 2539 692; x_wconf 90' lang='lat' dir='ltr'>inter</span> <span class='ocrx_word' id='word_1_9' title='bbox 2583 628 2756 692; x_wconf 90' lang='lat' dir='ltr'>lucet</span> <span class='ocrx_word' id='word_1_10' title='bbox 2798 626 3073 693; x_wconf 84' lang='lat' dir='ltr'>harenas</span> 
     </span>
     <span class='ocr_line' id='line_1_3' title="bbox 1174 726 2843 813; baseline 0.004 -23"><span class='ocrx_word' id='word_1_11' title='bbox 1174 726 1423 792; x_wconf 79' lang='lat' dir='ltr'>viscere</span> <span class='ocrx_word' id='word_1_12' title='bbox 1467 733 1879 812; x_wconf 89' lang='lat' dir='ltr'>praetenero,</span> <span class='ocrx_word' id='word_1_13' title='bbox 1933 727 2149 792; x_wconf 86' lang='lat' dir='ltr'>fartim</span> <span class='ocrx_word' id='word_1_14' title='bbox 2196 736 2544 813; x_wconf 86' lang='lat' dir='ltr'>congestus</span> <span class='ocrx_word' id='word_1_15' title='bbox 2589 730 2843 813; x_wconf 77' lang='lat' dir='ltr'>aristiS,</span> 
     </span>
     <span class='ocr_line' id='line_1_4' title="bbox 1174 827 2692 914; baseline 0.002 -20"><span class='ocrx_word' id='word_1_16' title='bbox 1174 849 1293 894; x_wconf 91' lang='lat' dir='ltr'>nec</span> <span class='ocrx_word' id='word_1_17' title='bbox 1337 827 1677 895; x_wconf 88' lang='lat' dir='ltr'>duraturus</span> <span class='ocrx_word' id='word_1_18' title='bbox 1724 836 1868 914; x_wconf 89' lang='lat' dir='ltr'>post</span> <span class='ocrx_word' id='word_1_19' title='bbox 1911 829 2066 895; x_wconf 89' lang='lat' dir='ltr'>bina</span> <span class='ocrx_word' id='word_1_20' title='bbox 2109 832 2377 896; x_wconf 90' lang='lat' dir='ltr'>trihoria</span> <span class='ocrx_word' id='word_1_21' title='bbox 2422 834 2692 899; x_wconf 81' lang='lat' dir='ltr'>mensis:</span> 
     </span>
     <span class='ocr_line' id='line_1_5' title="bbox 1175 933 2780 1020; baseline 0.002 -23"><span class='ocrx_word' id='word_1_22' title='bbox 1175 933 1642 1016; x_wconf 80' lang='lat' dir='ltr'>purpureisque</span> <span class='ocrx_word' id='word_1_23' title='bbox 1687 934 1862 998; x_wconf 89' lang='lat' dir='ltr'>salar</span> <span class='ocrx_word' id='word_1_24' title='bbox 1905 935 2201 1000; x_wconf 87' lang='lat' dir='ltr'>stellatus</span> <span class='ocrx_word' id='word_1_25' title='bbox 2249 943 2506 1019; x_wconf 83' lang='lat' dir='ltr'>tergora</span> <span class='ocrx_word' id='word_1_26' title='bbox 2549 937 2780 1020; x_wconf 89' lang='lat' dir='ltr'>guttis,</span> 
     </span>
     <span class='ocr_line' id='line_1_6' title="bbox 1177 1035 2722 1121; baseline 0.003 -19"><span class='ocrx_word' id='word_1_27' title='bbox 1177 1044 1241 1102; x_wconf 92' lang='lat' dir='ltr'>et</span> <span class='ocrx_word' id='word_1_28' title='bbox 1284 1038 1460 1102; x_wconf 90' lang='lat' dir='ltr'>nullo</span> <span class='ocrx_word' id='word_1_29' title='bbox 1507 1035 1730 1121; x_wconf 86' lang='lat' dir='ltr'>spinae</span> <span class='ocrx_word' id='word_1_30' title='bbox 1775 1037 2099 1103; x_wconf 87' lang='lat' dir='ltr'>nociturus</span> <span class='ocrx_word' id='word_1_31' title='bbox 2145 1040 2443 1104; x_wconf 82' lang='lat' dir='ltr'>acumine</span> <span class='ocrx_word' id='word_1_32' title='bbox 2489 1039 2722 1121; x_wconf 81' lang='lat' dir='ltr'>rhedo,</span> 
     </span>
    </p>

    <p class='ocr_par' dir='ltr' id='par_1_3' title="bbox 1005 1141 2901 1637">
     <span class='ocr_line' id='line_1_7' title="bbox 1005 1141 2901 1224; baseline 0.005 -22"><span class='ocrx_word' id='word_1_33' title='bbox 1005 1162 1065 1202; x_wconf 77' lang='lat'>90</span> <span class='ocrx_word' id='word_1_34' title='bbox 1177 1141 1621 1224; x_wconf 88' lang='lat' dir='ltr'>effugiensque</span> <span class='ocrx_word' id='word_1_35' title='bbox 1667 1142 1886 1207; x_wconf 92' lang='lat' dir='ltr'>oculos</span> <span class='ocrx_word' id='word_1_36' title='bbox 1932 1142 2127 1208; x_wconf 88' lang='lat' dir='ltr'>celeri</span> <span class='ocrx_word' id='word_1_37' title='bbox 2174 1142 2338 1207; x_wconf 89' lang='lat' dir='ltr'>levis</span> <span class='ocrx_word' id='word_1_38' title='bbox 2383 1145 2611 1209; x_wconf 88' lang='lat' dir='ltr'>umbra</span> <span class='ocrx_word' id='word_1_39' title='bbox 2656 1152 2901 1212; x_wconf 89' lang='lat' dir='ltr'>natatu.</span> 
     </span>
     <span class='ocr_line' id='line_1_8' title="bbox 1174 1243 2680 1331; baseline 0.002 -22"><span class='ocrx_word' id='word_1_40' title='bbox 1174 1251 1368 1327; x_wconf 90' lang='lat' dir='ltr'>tuque</span> <span class='ocrx_word' id='word_1_41' title='bbox 1413 1264 1531 1329; x_wconf 91' lang='lat' dir='ltr'>per</span> <span class='ocrx_word' id='word_1_42' title='bbox 1576 1243 1820 1327; x_wconf 88' lang='lat' dir='ltr'>obliqui</span> <span class='ocrx_word' id='word_1_43' title='bbox 1866 1246 2088 1311; x_wconf 78' lang='lat' dir='ltr'>fauces</span> <span class='ocrx_word' id='word_1_44' title='bbox 2134 1254 2367 1312; x_wconf 86' lang='lat' dir='ltr'>vexate</span> <span class='ocrx_word' id='word_1_45' title='bbox 2415 1248 2680 1331; x_wconf 79' lang='lat' dir='ltr'>Saravi,</span> 
     </span>
     <span class='ocr_line' id='line_1_9' title="bbox 1173 1347 2841 1436; baseline 0.004 -25"><span class='ocrx_word' id='word_1_46' title='bbox 1173 1368 1302 1429; x_wconf 89' lang='lat' dir='ltr'>qua</span> <span class='ocrx_word' id='word_1_47' title='bbox 1347 1347 1447 1412; x_wconf 91' lang='lat' dir='ltr'>bis</span> <span class='ocrx_word' id='word_1_48' title='bbox 1490 1354 1674 1412; x_wconf 88' lang='lat' dir='ltr'>terna</span> <span class='ocrx_word' id='word_1_49' title='bbox 1719 1348 1999 1421; x_wconf 88' lang='lat' dir='ltr'>fremunt</span> <span class='ocrx_word' id='word_1_50' title='bbox 2044 1350 2404 1433; x_wconf 86' lang='lat' dir='ltr'>scopulosis</span> <span class='ocrx_word' id='word_1_51' title='bbox 2450 1351 2617 1416; x_wconf 89' lang='lat' dir='ltr'>ostia</span> <span class='ocrx_word' id='word_1_52' title='bbox 2660 1351 2841 1436; x_wconf 88' lang='lat' dir='ltr'>pilis,</span> 
     </span>
     <span class='ocr_line' id='line_1_10' title="bbox 1171 1449 2706 1534; baseline 0.003 -19"><span class='ocrx_word' id='word_1_53' title='bbox 1171 1471 1315 1515; x_wconf 91' lang='lat' dir='ltr'>cum</span> <span class='ocrx_word' id='word_1_54' title='bbox 1361 1449 1691 1516; x_wconf 85' lang='lat' dir='ltr'>defluxisti</span> <span class='ocrx_word' id='word_1_55' title='bbox 1738 1451 1950 1517; x_wconf 84' lang='lat' dir='ltr'>famae</span> <span class='ocrx_word' id='word_1_56' title='bbox 1995 1452 2257 1519; x_wconf 88' lang='lat' dir='ltr'>maioris</span> <span class='ocrx_word' id='word_1_57' title='bbox 2300 1453 2368 1517; x_wconf 90' lang='lat' dir='ltr'>in</span> <span class='ocrx_word' id='word_1_58' title='bbox 2417 1474 2706 1534; x_wconf 88' lang='lat' dir='ltr'>amnem,</span> 
     </span>
     <span class='ocr_line' id='line_1_11' title="bbox 1172 1553 2636 1637; baseline 0.001 -18"><span class='ocrx_word' id='word_1_59' title='bbox 1172 1553 1433 1619; x_wconf 90' lang='lat' dir='ltr'>liberior</span> <span class='ocrx_word' id='word_1_60' title='bbox 1475 1553 1658 1618; x_wconf 83' lang='lat' dir='ltr'>laxos</span> <span class='ocrx_word' id='word_1_61' title='bbox 1704 1573 2001 1635; x_wconf 84' lang='lat' dir='ltr'>exerces,</span> <span class='ocrx_word' id='word_1_62' title='bbox 2057 1556 2287 1637; x_wconf 88' lang='lat' dir='ltr'>barbe,</span> <span class='ocrx_word' id='word_1_63' title='bbox 2343 1563 2636 1622; x_wconf 86' lang='lat' dir='ltr'>natatus:</span> 
     </span>
    </p>

    <p class='ocr_par' dir='ltr' id='par_1_4' title="bbox 1005 1656 2947 2154">
     <span class='ocr_line' id='line_1_12' title="bbox 1005 1656 2717 1743; baseline 0.004 -26"><span class='ocrx_word' id='word_1_64' title='bbox 1005 1680 1066 1717; x_wconf 73' lang='lat'>95</span> <span class='ocrx_word' id='word_1_65' title='bbox 1174 1664 1239 1721; x_wconf 91' lang='lat' dir='ltr'>tu</span> <span class='ocrx_word' id='word_1_66' title='bbox 1286 1656 1511 1723; x_wconf 90' lang='lat' dir='ltr'>melior</span> <span class='ocrx_word' id='word_1_67' title='bbox 1556 1657 1774 1741; x_wconf 91' lang='lat' dir='ltr'>peiore</span> <span class='ocrx_word' id='word_1_68' title='bbox 1819 1678 2010 1739; x_wconf 89' lang='lat' dir='ltr'>aevo,</span> <span class='ocrx_word' id='word_1_69' title='bbox 2067 1658 2184 1724; x_wconf 91' lang='lat' dir='ltr'>tibi</span> <span class='ocrx_word' id='word_1_70' title='bbox 2230 1660 2502 1743; x_wconf 89' lang='lat' dir='ltr'>contigit</span> <span class='ocrx_word' id='word_1_71' title='bbox 2546 1659 2717 1725; x_wconf 91' lang='lat' dir='ltr'>omni</span> 
     </span>
     <span class='ocr_line' id='line_1_13' title="bbox 1174 1761 2884 1845; baseline 0.003 -20"><span class='ocrx_word' id='word_1_72' title='bbox 1174 1761 1529 1845; x_wconf 86' lang='lat' dir='ltr'>spirantum</span> <span class='ocrx_word' id='word_1_73' title='bbox 1576 1781 1658 1826; x_wconf 86' lang='lat' dir='ltr'>ex</span> <span class='ocrx_word' id='word_1_74' title='bbox 1703 1781 1965 1827; x_wconf 89' lang='lat' dir='ltr'>numero</span> <span class='ocrx_word' id='word_1_75' title='bbox 2010 1783 2136 1827; x_wconf 90' lang='lat' dir='ltr'>non</span> <span class='ocrx_word' id='word_1_76' title='bbox 2180 1762 2519 1829; x_wconf 86' lang='lat' dir='ltr'>inlaudata</span> <span class='ocrx_word' id='word_1_77' title='bbox 2566 1772 2884 1830; x_wconf 88' lang='lat' dir='ltr'>senectus.</span> 
     </span>
     <span class='ocr_line' id='line_1_14' title="bbox 1172 1864 2753 1949; baseline 0.003 -21"><span class='ocrx_word' id='word_1_78' title='bbox 1172 1879 1291 1929; x_wconf 88' lang='lat' dir='ltr'>nec</span> <span class='ocrx_word' id='word_1_79' title='bbox 1336 1870 1400 1929; x_wconf 91' lang='lat' dir='ltr'>te</span> <span class='ocrx_word' id='word_1_80' title='bbox 1444 1864 1716 1949; x_wconf 91' lang='lat' dir='ltr'>puniceo</span> <span class='ocrx_word' id='word_1_81' title='bbox 1761 1865 2127 1930; x_wconf 83' lang='lat' dir='ltr'>rutilantem</span> <span class='ocrx_word' id='word_1_82' title='bbox 2175 1865 2456 1945; x_wconf 75' lang='lat' dir='ltr'>viscere,</span> <span class='ocrx_word' id='word_1_83' title='bbox 2514 1868 2753 1949; x_wconf 87' lang='lat' dir='ltr'>salmo,</span> 
     </span>
     <span class='ocr_line' id='line_1_15' title="bbox 1173 1966 2856 2051; baseline 0.003 -20"><span class='ocrx_word' id='word_1_84' title='bbox 1173 1966 1569 2048; x_wconf 87' lang='lat' dir='ltr'>transierim,</span> <span class='ocrx_word' id='word_1_85' title='bbox 1623 1967 1796 2033; x_wconf 84' lang='lat' dir='ltr'>latae</span> <span class='ocrx_word' id='word_1_86' title='bbox 1841 1967 2027 2032; x_wconf 90' lang='lat' dir='ltr'>cuius</span> <span class='ocrx_word' id='word_1_87' title='bbox 2073 1988 2246 2051; x_wconf 84' lang='lat' dir='ltr'>vaga</span> <span class='ocrx_word' id='word_1_88' title='bbox 2290 1970 2561 2035; x_wconf 88' lang='lat' dir='ltr'>verbera</span> <span class='ocrx_word' id='word_1_89' title='bbox 2607 1970 2856 2036; x_wconf 89' lang='lat' dir='ltr'>caudae</span> 
     </span>
     <span class='ocr_line' id='line_1_16' title="bbox 1173 2070 2947 2154; baseline 0.004 -22"><span class='ocrx_word' id='word_1_90' title='bbox 1173 2070 1425 2153; x_wconf 84' lang='lat' dir='ltr'>gurgite</span> <span class='ocrx_word' id='word_1_91' title='bbox 1471 2070 1552 2135; x_wconf 91' lang='lat' dir='ltr'>de</span> <span class='ocrx_word' id='word_1_92' title='bbox 1600 2070 1811 2135; x_wconf 91' lang='lat' dir='ltr'>medio</span> <span class='ocrx_word' id='word_1_93' title='bbox 1857 2088 2139 2135; x_wconf 88' lang='lat' dir='ltr'>summas</span> <span class='ocrx_word' id='word_1_94' title='bbox 2184 2071 2546 2138; x_wconf 85' lang='lat' dir='ltr'>referuntur</span> <span class='ocrx_word' id='word_1_95' title='bbox 2588 2073 2656 2137; x_wconf 91' lang='lat' dir='ltr'>in</span> <span class='ocrx_word' id='word_1_96' title='bbox 2702 2073 2910 2139; x_wconf 88' lang='lat' dir='ltr'>undas</span> <span class='ocrx_word' id='word_1_97' title='bbox 2933 2126 2947 2154; x_wconf 92' lang='lat'>,</span> 
     </span>
    </p>

    <p class='ocr_par' dir='ltr' id='par_1_5' title="bbox 975 2172 2908 2675">
     <span class='ocr_line' id='line_1_17' title="bbox 975 2172 2908 2261; baseline 0.005 -28"><span class='ocrx_word' id='word_1_98' title='bbox 975 2194 1065 2235; x_wconf 79' lang='lat'>100</span> <span class='ocrx_word' id='word_1_99' title='bbox 1172 2172 1459 2239; x_wconf 88' lang='lat' dir='ltr'>occultus</span> <span class='ocrx_word' id='word_1_100' title='bbox 1504 2172 1758 2258; x_wconf 91' lang='lat' dir='ltr'>placido</span> <span class='ocrx_word' id='word_1_101' title='bbox 1804 2193 1948 2238; x_wconf 91' lang='lat' dir='ltr'>cum</span> <span class='ocrx_word' id='word_1_102' title='bbox 1995 2174 2288 2259; x_wconf 87' lang='lat' dir='ltr'>proditur</span> <span class='ocrx_word' id='word_1_103' title='bbox 2332 2196 2610 2259; x_wconf 90' lang='lat' dir='ltr'>aequore</span> <span class='ocrx_word' id='word_1_104' title='bbox 2658 2178 2908 2261; x_wconf 89' lang='lat' dir='ltr'>pulsus.</span> 
     </span>
     <span class='ocr_line' id='line_1_18' title="bbox 1172 2277 2642 2363; baseline 0.001 -20"><span class='ocrx_word' id='word_1_105' title='bbox 1172 2285 1239 2343; x_wconf 88' lang='lat' dir='ltr'>tu</span> <span class='ocrx_word' id='word_1_106' title='bbox 1284 2277 1549 2343; x_wconf 87' lang='lat' dir='ltr'>loricato</span> <span class='ocrx_word' id='word_1_107' title='bbox 1595 2296 1974 2362; x_wconf 88' lang='lat' dir='ltr'>squamosus</span> <span class='ocrx_word' id='word_1_108' title='bbox 2020 2285 2317 2363; x_wconf 89' lang='lat' dir='ltr'>pectore,</span> <span class='ocrx_word' id='word_1_109' title='bbox 2371 2280 2642 2346; x_wconf 85' lang='lat' dir='ltr'>frontem</span> 
     </span>
     <span class='ocr_line' id='line_1_19' title="bbox 1174 2380 2758 2467; baseline 0.003 -21"><span class='ocrx_word' id='word_1_110' title='bbox 1174 2380 1455 2446; x_wconf 89' lang='lat' dir='ltr'>lubricus</span> <span class='ocrx_word' id='word_1_111' title='bbox 1501 2387 1566 2446; x_wconf 89' lang='lat' dir='ltr'>et</span> <span class='ocrx_word' id='word_1_112' title='bbox 1611 2380 1848 2448; x_wconf 88' lang='lat' dir='ltr'>dubiae</span> <span class='ocrx_word' id='word_1_113' title='bbox 1893 2381 2180 2449; x_wconf 85' lang='lat' dir='ltr'>facturus</span> <span class='ocrx_word' id='word_1_114' title='bbox 2226 2383 2475 2449; x_wconf 87' lang='lat' dir='ltr'>fercula</span> <span class='ocrx_word' id='word_1_115' title='bbox 2518 2405 2758 2467; x_wconf 89' lang='lat' dir='ltr'>cenae,</span> 
     </span>
     <span class='ocr_line' id='line_1_20' title="bbox 1172 2485 2822 2571; baseline 0.003 -23"><span class='ocrx_word' id='word_1_116' title='bbox 1172 2491 1460 2569; x_wconf 86' lang='lat' dir='ltr'>tempora</span> <span class='ocrx_word' id='word_1_117' title='bbox 1504 2486 1838 2568; x_wconf 90' lang='lat' dir='ltr'>longarum</span> <span class='ocrx_word' id='word_1_118' title='bbox 1885 2485 2016 2551; x_wconf 85' lang='lat' dir='ltr'>fers</span> <span class='ocrx_word' id='word_1_119' title='bbox 2060 2485 2425 2571; x_wconf 88' lang='lat' dir='ltr'>incorrupte</span> <span class='ocrx_word' id='word_1_120' title='bbox 2469 2508 2822 2568; x_wconf 90' lang='lat' dir='ltr'>morarum,</span> 
     </span>
     <span class='ocr_line' id='line_1_21' title="bbox 1173 2587 2864 2675; baseline 0.002 -23"><span class='ocrx_word' id='word_1_121' title='bbox 1173 2587 1535 2672; x_wconf 84' lang='lat' dir='ltr'>praesignis</span> <span class='ocrx_word' id='word_1_122' title='bbox 1579 2588 1851 2653; x_wconf 89' lang='lat' dir='ltr'>maculis</span> <span class='ocrx_word' id='word_1_123' title='bbox 1897 2589 2156 2672; x_wconf 81' lang='lat' dir='ltr'>capitis,</span> <span class='ocrx_word' id='word_1_124' title='bbox 2213 2591 2318 2655; x_wconf 89' lang='lat' dir='ltr'>cui</span> <span class='ocrx_word' id='word_1_125' title='bbox 2362 2590 2636 2675; x_wconf 89' lang='lat' dir='ltr'>prodiga</span> <span class='ocrx_word' id='word_1_126' title='bbox 2679 2597 2864 2656; x_wconf 86' lang='lat' dir='ltr'>nutat</span> 
     </span>
    </p>

    <p class='ocr_par' dir='ltr' id='par_1_6' title="bbox 975 2690 3119 3173">
     <span class='ocr_line' id='line_1_22' title="bbox 975 2690 2739 2775; baseline 0.003 -24"><span class='ocrx_word' id='word_1_127' title='bbox 975 2712 1066 2752; x_wconf 75' lang='lat'>105</span> <span class='ocrx_word' id='word_1_128' title='bbox 1171 2690 1356 2755; x_wconf 87' lang='lat' dir='ltr'>alvus</span> <span class='ocrx_word' id='word_1_129' title='bbox 1401 2691 1810 2775; x_wconf 87' lang='lat' dir='ltr'>opimatoque</span> <span class='ocrx_word' id='word_1_130' title='bbox 1854 2690 2060 2757; x_wconf 90' lang='lat' dir='ltr'>fluens</span> <span class='ocrx_word' id='word_1_131' title='bbox 2104 2692 2446 2758; x_wconf 89' lang='lat' dir='ltr'>abdomine</span> <span class='ocrx_word' id='word_1_132' title='bbox 2492 2700 2739 2759; x_wconf 87' lang='lat' dir='ltr'>venter.</span> 
     </span>
     <span class='ocr_line' id='line_1_23' title="bbox 1170 2794 3119 2881; baseline 0.003 -22"><span class='ocrx_word' id='word_1_133' title='bbox 1170 2813 1461 2877; x_wconf 88' lang='lat' dir='ltr'>quaeque</span> <span class='ocrx_word' id='word_1_134' title='bbox 1508 2815 1626 2879; x_wconf 91' lang='lat' dir='ltr'>per</span> <span class='ocrx_word' id='word_1_135' title='bbox 1667 2794 2032 2878; x_wconf 83' lang='lat' dir='ltr'>Illyricum,</span> <span class='ocrx_word' id='word_1_136' title='bbox 2087 2816 2203 2881; x_wconf 90' lang='lat' dir='ltr'>per</span> <span class='ocrx_word' id='word_1_137' title='bbox 2246 2802 2481 2880; x_wconf 88' lang='lat' dir='ltr'>stagna</span> <span class='ocrx_word' id='word_1_138' title='bbox 2526 2798 2871 2864; x_wconf 89' lang='lat' dir='ltr'>binominis</span> <span class='ocrx_word' id='word_1_139' title='bbox 2915 2799 3119 2864; x_wconf 89' lang='lat' dir='ltr'>Histri</span> 
     </span>
     <span class='ocr_line' id='line_1_24' title="bbox 1172 2897 2960 2984; baseline 0.002 -21"><span class='ocrx_word' id='word_1_140' title='bbox 1172 2917 1541 2983; x_wconf 87' lang='lat' dir='ltr'>spumarum</span> <span class='ocrx_word' id='word_1_141' title='bbox 1585 2897 1842 2963; x_wconf 88' lang='lat' dir='ltr'>indiciis</span> <span class='ocrx_word' id='word_1_142' title='bbox 1889 2898 2174 2983; x_wconf 90' lang='lat' dir='ltr'>caperis,</span> <span class='ocrx_word' id='word_1_143' title='bbox 2228 2900 2536 2981; x_wconf 89' lang='lat' dir='ltr'>mustela,</span> <span class='ocrx_word' id='word_1_144' title='bbox 2590 2907 2960 2984; x_wconf 81' lang='lat' dir='ltr'>natantum,</span> 
     </span>
     <span class='ocr_line' id='line_1_25' title="bbox 1170 3001 2906 3084; baseline 0.002 -18"><span class='ocrx_word' id='word_1_145' title='bbox 1170 3001 1238 3066; x_wconf 93' lang='lat' dir='ltr'>in</span> <span class='ocrx_word' id='word_1_146' title='bbox 1282 3007 1567 3067; x_wconf 87' lang='lat' dir='ltr'>nostrum</span> <span class='ocrx_word' id='word_1_147' title='bbox 1614 3002 1921 3067; x_wconf 88' lang='lat' dir='ltr'>subvecta</span> <span class='ocrx_word' id='word_1_148' title='bbox 1964 3001 2232 3084; x_wconf 85' lang='lat' dir='ltr'>fretum,</span> <span class='ocrx_word' id='word_1_149' title='bbox 2284 3023 2368 3068; x_wconf 91' lang='lat' dir='ltr'>ne</span> <span class='ocrx_word' id='word_1_150' title='bbox 2414 3004 2548 3068; x_wconf 88' lang='lat' dir='ltr'>lata</span> <span class='ocrx_word' id='word_1_151' title='bbox 2594 3004 2906 3070; x_wconf 89' lang='lat' dir='ltr'>Mosellae</span> 
     </span>
     <span class='ocr_line' id='line_1_26' title="bbox 1172 3104 2768 3173; baseline 0.003 -5"><span class='ocrx_word' id='word_1_152' title='bbox 1172 3104 1438 3170; x_wconf 88' lang='lat' dir='ltr'>flumina</span> <span class='ocrx_word' id='word_1_153' title='bbox 1481 3111 1613 3170; x_wconf 87' lang='lat' dir='ltr'>tam</span> <span class='ocrx_word' id='word_1_154' title='bbox 1659 3105 1897 3170; x_wconf 87' lang='lat' dir='ltr'>celebri</span> <span class='ocrx_word' id='word_1_155' title='bbox 1944 3105 2443 3173; x_wconf 85' lang='lat' dir='ltr'>defrudarentur</span> <span class='ocrx_word' id='word_1_156' title='bbox 2488 3108 2768 3173; x_wconf 88' lang='lat' dir='ltr'>alumno.</span> 
     </span>
    </p>

    <p class='ocr_par' dir='ltr' id='par_1_7' title="bbox 972 3206 3018 3706">
     <span class='ocr_line' id='line_1_27' title="bbox 972 3206 2768 3297; baseline 0.004 -27"><span class='ocrx_word' id='word_1_157' title='bbox 972 3230 1064 3270; x_wconf 82' lang='lat'>110</span> <span class='ocrx_word' id='word_1_158' title='bbox 1171 3206 1315 3291; x_wconf 87' lang='lat' dir='ltr'>quis</span> <span class='ocrx_word' id='word_1_159' title='bbox 1360 3214 1425 3273; x_wconf 90' lang='lat' dir='ltr'>te</span> <span class='ocrx_word' id='word_1_160' title='bbox 1469 3214 1738 3275; x_wconf 88' lang='lat' dir='ltr'>naturae</span> <span class='ocrx_word' id='word_1_161' title='bbox 1782 3208 1994 3294; x_wconf 84' lang='lat' dir='ltr'>pinxit</span> <span class='ocrx_word' id='word_1_162' title='bbox 2037 3211 2241 3277; x_wconf 88' lang='lat' dir='ltr'>color!</span> <span class='ocrx_word' id='word_1_163' title='bbox 2298 3219 2441 3277; x_wconf 87' lang='lat' dir='ltr'>atra</span> <span class='ocrx_word' id='word_1_164' title='bbox 2487 3230 2768 3297; x_wconf 88' lang='lat' dir='ltr'>superne</span> 
     </span>
     <span class='ocr_line' id='line_1_28' title="bbox 1171 3314 2858 3396; baseline 0.004 -21"><span class='ocrx_word' id='word_1_165' title='bbox 1171 3318 1410 3394; x_wconf 90' lang='lat' dir='ltr'>puncta</span> <span class='ocrx_word' id='word_1_166' title='bbox 1453 3318 1676 3377; x_wconf 89' lang='lat' dir='ltr'>notant</span> <span class='ocrx_word' id='word_1_167' title='bbox 1718 3319 1998 3396; x_wconf 88' lang='lat' dir='ltr'>tergum,</span> <span class='ocrx_word' id='word_1_168' title='bbox 2052 3335 2184 3395; x_wconf 89' lang='lat' dir='ltr'>qua</span> <span class='ocrx_word' id='word_1_169' title='bbox 2228 3315 2403 3380; x_wconf 90' lang='lat' dir='ltr'>lutea</span> <span class='ocrx_word' id='word_1_170' title='bbox 2447 3314 2671 3381; x_wconf 89' lang='lat' dir='ltr'>circuit</span> <span class='ocrx_word' id='word_1_171' title='bbox 2713 3316 2858 3396; x_wconf 89' lang='lat' dir='ltr'>iris,</span> 
     </span>
     <span class='ocr_line' id='line_1_29' title="bbox 1143 3401 2703 3502; baseline 0.001 -24"><span class='ocrx_word' id='word_1_172' title='bbox 1143 3401 1418 3479; x_wconf 67' lang='lat' dir='ltr'>⁸lubrica</span> <span class='ocrx_word' id='word_1_173' title='bbox 1462 3416 1798 3481; x_wconf 88' lang='lat' dir='ltr'>caeruleus</span> <span class='ocrx_word' id='word_1_174' title='bbox 1841 3417 2137 3502; x_wconf 91' lang='lat' dir='ltr'>perducit</span> <span class='ocrx_word' id='word_1_175' title='bbox 2179 3424 2438 3501; x_wconf 89' lang='lat' dir='ltr'>tergora</span> <span class='ocrx_word' id='word_1_176' title='bbox 2482 3418 2703 3483; x_wconf 86' lang='lat' dir='ltr'>fucus:</span> 
     </span>
     <span class='ocr_line' id='line_1_30' title="bbox 1173 3519 2979 3605; baseline 0.002 -21"><span class='ocrx_word' id='word_1_177' title='bbox 1173 3519 1456 3603; x_wconf 87' lang='lat' dir='ltr'>corporis</span> <span class='ocrx_word' id='word_1_178' title='bbox 1500 3519 1587 3584; x_wconf 90' lang='lat' dir='ltr'>ad</span> <span class='ocrx_word' id='word_1_179' title='bbox 1632 3519 1916 3584; x_wconf 91' lang='lat' dir='ltr'>medium</span> <span class='ocrx_word' id='word_1_180' title='bbox 1962 3520 2175 3585; x_wconf 86' lang='lat' dir='ltr'>fartim</span> <span class='ocrx_word' id='word_1_181' title='bbox 2222 3521 2630 3605; x_wconf 88' lang='lat' dir='ltr'>pinguescis,</span> <span class='ocrx_word' id='word_1_182' title='bbox 2685 3529 2754 3587; x_wconf 89' lang='lat' dir='ltr'>at</span> <span class='ocrx_word' id='word_1_183' title='bbox 2797 3524 2979 3589; x_wconf 90' lang='lat' dir='ltr'>illinc</span> 
     </span>
     <span class='ocr_line' id='line_1_31' title="bbox 1172 3623 3018 3706; baseline 0.001 -18"><span class='ocrx_word' id='word_1_184' title='bbox 1172 3642 1374 3705; x_wconf 86' lang='lat' dir='ltr'>usque</span> <span class='ocrx_word' id='word_1_185' title='bbox 1419 3624 1540 3688; x_wconf 88' lang='lat' dir='ltr'>sub</span> <span class='ocrx_word' id='word_1_186' title='bbox 1586 3630 1935 3688; x_wconf 84' lang='lat' dir='ltr'>extremam</span> <span class='ocrx_word' id='word_1_187' title='bbox 1983 3625 2240 3706; x_wconf 91' lang='lat' dir='ltr'>squalet</span> <span class='ocrx_word' id='word_1_188' title='bbox 2280 3624 2447 3689; x_wconf 88' lang='lat' dir='ltr'>cutis</span> <span class='ocrx_word' id='word_1_189' title='bbox 2491 3623 2676 3690; x_wconf 89' lang='lat' dir='ltr'>arida</span> <span class='ocrx_word' id='word_1_190' title='bbox 2721 3626 3018 3690; x_wconf 90' lang='lat' dir='ltr'>caudam.</span> 
     </span>
    </p>

    <p class='ocr_par' dir='ltr' id='par_1_8' title="bbox 972 3726 2760 3915">
     <span class='ocr_line' id='line_1_32' title="bbox 972 3726 2760 3812; baseline 0.004 -25"><span class='ocrx_word' id='word_1_191' title='bbox 972 3748 1066 3788; x_wconf 85' lang='lat'>115</span> <span class='ocrx_word' id='word_1_192' title='bbox 1173 3746 1291 3791; x_wconf 90' lang='lat' dir='ltr'>nec</span> <span class='ocrx_word' id='word_1_193' title='bbox 1333 3733 1426 3806; x_wconf 89' lang='lat' dir='ltr'>te,</span> <span class='ocrx_word' id='word_1_194' title='bbox 1481 3726 1746 3792; x_wconf 86' lang='lat' dir='ltr'>delicias</span> <span class='ocrx_word' id='word_1_195' title='bbox 1793 3746 2189 3802; x_wconf 80' lang='lat' dir='ltr'>mensarum,</span> <span class='ocrx_word' id='word_1_196' title='bbox 2240 3748 2470 3812; x_wconf 88' lang='lat' dir='ltr'>perca,</span> <span class='ocrx_word' id='word_1_197' title='bbox 2524 3728 2760 3806; x_wconf 89' lang='lat' dir='ltr'>sileb0,</span> 
     </span>
     <span class='ocr_line' id='line_1_33' title="bbox 1172 3829 2735 3915; baseline 0.003 -22"><span class='ocrx_word' id='word_1_198' title='bbox 1172 3829 1548 3912; x_wconf 89' lang='lat' dir='ltr'>amnigenos</span> <span class='ocrx_word' id='word_1_199' title='bbox 1593 3830 1758 3895; x_wconf 91' lang='lat' dir='ltr'>inter</span> <span class='ocrx_word' id='word_1_200' title='bbox 1802 3831 2011 3914; x_wconf 88' lang='lat' dir='ltr'>pisces</span> <span class='ocrx_word' id='word_1_201' title='bbox 2059 3830 2387 3915; x_wconf 86' lang='lat' dir='ltr'>dignande</span> <span class='ocrx_word' id='word_1_202' title='bbox 2433 3832 2735 3914; x_wconf 73' lang='lat' dir='ltr'>mariniS,</span> 
     </span>
    </p>
   </div>
   <div class='ocr_carea' id='block_1_3' title="bbox 751 4465 952 4471">
    <p class='ocr_par' dir='ltr' id='par_1_9' title="bbox 751 4465 952 4471">
     <span class='ocr_line' id='line_1_34' title="bbox 751 4465 952 4471; baseline 0 0"><span class='ocrx_word' id='word_1_203' title='bbox 751 4465 952 4471; x_wconf 95' lang='lat' dir='ltr'> </span> 
     </span>
    </p>
   </div>
   <div class='ocr_carea' id='block_1_4' title="bbox 1033 4464 1326 4470">
    <p class='ocr_par' dir='ltr' id='par_1_10' title="bbox 1033 4464 1326 4470">
     <span class='ocr_line' id='line_1_35' title="bbox 1033 4464 1326 4470; baseline 0 0"><span class='ocrx_word' id='word_1_204' title='bbox 1033 4464 1326 4470; x_wconf 95' lang='lat' dir='ltr'> </span> 
     </span>
    </p>
   </div>
   <div class='ocr_carea' id='block_1_5' title="bbox 498 4072 3767 5724">
    <p class='ocr_par' dir='ltr' id='par_1_11' title="bbox 499 4072 3758 4396">
     <span class='ocr_line' id='line_1_36' title="bbox 674 4072 3758 4140; baseline 0.002 -19"><span class='ocrx_word' id='word_1_205' title='bbox 674 4073 738 4122; x_wconf 83' lang='lat'>85</span> <span class='ocrx_word' id='word_1_206' title='bbox 775 4074 920 4124; x_wconf 80' lang='lat' dir='ltr'>ovid.</span> <span class='ocrx_word' id='word_1_207' title='bbox 974 4074 1084 4122; x_wconf 80' lang='lat' dir='ltr'>Hal.</span> <span class='ocrx_word' id='word_1_208' title='bbox 1144 4072 1239 4122; x_wconf 91' lang='grc'>118</span> <span class='ocrx_word' id='word_1_209' title='bbox 1287 4075 1495 4121; x_wconf 78' lang='lat' dir='ltr'>herbosa</span> <span class='ocrx_word' id='word_1_210' title='bbox 1535 4109 1548 4121; x_wconf 87' lang='lat'><strong>.</strong></span> <span class='ocrx_word' id='word_1_211' title='bbox 1582 4109 1595 4122; x_wconf 91' lang='lat'><strong>.</strong></span> <span class='ocrx_word' id='word_1_212' title='bbox 1629 4109 1643 4123; x_wconf 91' lang='lat'><strong>.</strong></span> <span class='ocrx_word' id='word_1_213' title='bbox 1684 4074 1867 4122; x_wconf 77' lang='lat' dir='ltr'>harena</span> <span class='ocrx_word' id='word_1_214' title='bbox 2145 4073 2211 4123; x_wconf 88' lang='grc'>88</span> <span class='ocrx_word' id='word_1_215' title='bbox 2260 4075 2409 4125; x_wconf 83' lang='lat' dir='ltr'>Ovid.</span> <span class='ocrx_word' id='word_1_216' title='bbox 2459 4077 2581 4126; x_wconf 81' lang='lat' dir='ltr'>Met.</span> <span class='ocrx_word' id='word_1_217' title='bbox 2636 4079 2678 4125; x_wconf 88' lang='lat' dir='ltr'><strong>V</strong></span> <span class='ocrx_word' id='word_1_218' title='bbox 2725 4075 2818 4125; x_wconf 82' lang='grc'>461</span> <span class='ocrx_word' id='word_1_219' title='bbox 2872 4078 3021 4124; x_wconf 76' lang='lat' dir='ltr'>variis</span> <span class='ocrx_word' id='word_1_220' title='bbox 3069 4078 3302 4125; x_wconf 76' lang='lat' dir='ltr'>stellatus</span> <span class='ocrx_word' id='word_1_221' title='bbox 3350 4092 3551 4140; x_wconf 73' lang='lat' dir='ltr'>corpora</span> <span class='ocrx_word' id='word_1_222' title='bbox 3598 4082 3758 4140; x_wconf 81' lang='lat' dir='ltr'>guttis</span> 
     </span>
     <span class='ocr_line' id='line_1_37' title="bbox 499 4158 3756 4222; baseline 0.001 -11"><span class='ocrx_word' id='word_1_223' title='bbox 499 4161 564 4211; x_wconf 83' lang='lat'>89</span> <span class='ocrx_word' id='word_1_224' title='bbox 601 4162 745 4210; x_wconf 80' lang='lat' dir='ltr'>ovid.</span> <span class='ocrx_word' id='word_1_225' title='bbox 790 4162 901 4210; x_wconf 75' lang='lat' dir='ltr'>Hal.</span> <span class='ocrx_word' id='word_1_226' title='bbox 951 4158 1046 4209; x_wconf 87' lang='grc'>130</span> <span class='ocrx_word' id='word_1_227' title='bbox 1083 4164 1137 4207; x_wconf 79' lang='lat' dir='ltr'>et</span> <span class='ocrx_word' id='word_1_228' title='bbox 1171 4161 1316 4221; x_wconf 75' lang='lat' dir='ltr'>spina</span> <span class='ocrx_word' id='word_1_229' title='bbox 1352 4172 1542 4208; x_wconf 85' lang='lat' dir='ltr'>nocuus</span> <span class='ocrx_word' id='word_1_230' title='bbox 1578 4173 1678 4208; x_wconf 90' lang='lat' dir='ltr'>non</span> <span class='ocrx_word' id='word_1_231' title='bbox 1713 4162 1890 4222; x_wconf 83' lang='lat' dir='ltr'>gobius</span> <span class='ocrx_word' id='word_1_232' title='bbox 1928 4161 2033 4209; x_wconf 79' lang='lat' dir='ltr'>ulls</span> <span class='ocrx_word' id='word_1_233' title='bbox 2310 4162 2376 4213; x_wconf 84' lang='lat'>93</span> <span class='ocrx_word' id='word_1_234' title='bbox 2414 4163 2536 4212; x_wconf 87' lang='lat' dir='ltr'>Luc.</span> <span class='ocrx_word' id='word_1_235' title='bbox 2580 4164 2751 4212; x_wconf 75' lang='lat' dir='ltr'>Phars.</span> <span class='ocrx_word' id='word_1_236' title='bbox 2794 4164 2816 4211; x_wconf 96' lang='lat'>1</span> <span class='ocrx_word' id='word_1_237' title='bbox 2855 4163 2955 4212; x_wconf 81' lang='lat'>400</span> <span class='ocrx_word' id='word_1_238' title='bbox 3001 4164 3166 4212; x_wconf 75' lang='lat' dir='ltr'>famae</span> <span class='ocrx_word' id='word_1_239' title='bbox 3218 4165 3419 4213; x_wconf 75' lang='lat' dir='ltr'>maioris</span> <span class='ocrx_word' id='word_1_240' title='bbox 3466 4167 3523 4213; x_wconf 85' lang='lat' dir='ltr'>in</span> <span class='ocrx_word' id='word_1_241' title='bbox 3560 4179 3756 4214; x_wconf 72' lang='lat' dir='ltr'>amnem</span> 
     </span>
     <span class='ocr_line' id='line_1_38' title="bbox 500 4245 3751 4312; baseline 0.002 -17"><span class='ocrx_word' id='word_1_242' title='bbox 500 4246 566 4296; x_wconf 83' lang='lat'>98</span> <span class='ocrx_word' id='word_1_243' title='bbox 602 4246 746 4295; x_wconf 83' lang='lat' dir='ltr'>Ovid.</span> <span class='ocrx_word' id='word_1_244' title='bbox 786 4247 903 4296; x_wconf 70' lang='lat' dir='ltr'>Hal.</span> <span class='ocrx_word' id='word_1_245' title='bbox 949 4245 1007 4295; x_wconf 90' lang='grc'>13</span> <span class='ocrx_word' id='word_1_246' title='bbox 1045 4248 1249 4294; x_wconf 78' lang='lat' dir='ltr'>verbere</span> <span class='ocrx_word' id='word_1_247' title='bbox 1286 4246 1471 4295; x_wconf 76' lang='lat' dir='ltr'>caudae</span> <span class='ocrx_word' id='word_1_248' title='bbox 1704 4245 1770 4294; x_wconf 89' lang='lat'>99</span> <span class='ocrx_word' id='word_1_249' title='bbox 1807 4249 1957 4307; x_wconf 78' lang='lat' dir='ltr'>Verg.</span> <span class='ocrx_word' id='word_1_250' title='bbox 2001 4247 2175 4307; x_wconf 85' lang='lat' dir='ltr'>Georg.</span> <span class='ocrx_word' id='word_1_251' title='bbox 2218 4250 2323 4296; x_wconf 93' lang='lat'>1111</span> <span class='ocrx_word' id='word_1_252' title='bbox 2362 4247 2461 4298; x_wconf 78' lang='lat'>524</span> <span class='ocrx_word' id='word_1_253' title='bbox 2498 4250 2697 4312; x_wconf 79' lang='lat' dir='ltr'>gurgite</span> <span class='ocrx_word' id='word_1_254' title='bbox 2734 4263 2846 4297; x_wconf 87' lang='lat' dir='ltr'>cum</span> <span class='ocrx_word' id='word_1_255' title='bbox 2886 4250 3052 4298; x_wconf 87' lang='lat' dir='ltr'>medio</span> <span class='ocrx_word' id='word_1_256' title='bbox 3265 4248 3360 4299; x_wconf 88' lang='grc'>102</span> <span class='ocrx_word' id='word_1_257' title='bbox 3399 4250 3511 4300; x_wconf 86' lang='lat' dir='ltr'>Ter.</span> <span class='ocrx_word' id='word_1_258' title='bbox 3552 4251 3751 4303; x_wconf 87' lang='lat' dir='ltr'>Phorm.</span> 
     </span>
     <span class='ocr_line' id='line_1_39' title="bbox 499 4332 3597 4396; baseline 0.001 -15"><span class='ocrx_word' id='word_1_259' title='bbox 499 4335 548 4381; x_wconf 90' lang='lat'>11</span> <span class='ocrx_word' id='word_1_260' title='bbox 584 4332 632 4391; x_wconf 83' lang='lat'>2,</span> <span class='ocrx_word' id='word_1_261' title='bbox 677 4332 742 4382; x_wconf 88' lang='grc'>28</span> <span class='ocrx_word' id='word_1_262' title='bbox 787 4332 923 4394; x_wconf 77' lang='lat'>(342)</span> <span class='ocrx_word' id='word_1_263' title='bbox 954 4348 1060 4395; x_wconf 87' lang='lat' dir='ltr'>sqq.</span> <span class='ocrx_word' id='word_1_264' title='bbox 1104 4347 1226 4381; x_wconf 78' lang='lat' dir='ltr'>cens</span> <span class='ocrx_word' id='word_1_265' title='bbox 1261 4334 1431 4395; x_wconf 74' lang='lat' dir='ltr'>dubia,</span> <span class='ocrx_word' id='word_1_266' title='bbox 1471 4333 1539 4393; x_wconf 81' lang='lat' dir='ltr'>cs.</span> <span class='ocrx_word' id='word_1_267' title='bbox 1583 4334 1701 4384; x_wconf 84' lang='lat' dir='ltr'>Hor.</span> <span class='ocrx_word' id='word_1_268' title='bbox 1744 4333 1846 4383; x_wconf 76' lang='lat' dir='ltr'>Sat.</span> <span class='ocrx_word' id='word_1_269' title='bbox 1891 4336 1938 4382; x_wconf 92' lang='lat'>11</span> <span class='ocrx_word' id='word_1_270' title='bbox 1975 4334 2027 4396; x_wconf 87' lang='lat'>2,</span> <span class='ocrx_word' id='word_1_271' title='bbox 2070 4334 2129 4382; x_wconf 78' lang='lat'>77</span> <span class='ocrx_word' id='word_1_272' title='bbox 2350 4334 2445 4385; x_wconf 89' lang='grc'>106</span> <span class='ocrx_word' id='word_1_273' title='bbox 2482 4336 2627 4384; x_wconf 84' lang='lat' dir='ltr'>Ovid.</span> <span class='ocrx_word' id='word_1_274' title='bbox 2668 4351 2732 4383; x_wconf 82' lang='lat' dir='ltr'>ex</span> <span class='ocrx_word' id='word_1_275' title='bbox 2766 4336 2820 4384; x_wconf 88' lang='lat' dir='ltr'>P.</span> <span class='ocrx_word' id='word_1_276' title='bbox 2865 4337 2887 4383; x_wconf 92' lang='lat'>1</span> <span class='ocrx_word' id='word_1_277' title='bbox 2926 4334 2974 4394; x_wconf 84' lang='lat'>8,</span> <span class='ocrx_word' id='word_1_278' title='bbox 3023 4333 3077 4383; x_wconf 89' lang='grc'>11</span> <span class='ocrx_word' id='word_1_279' title='bbox 3123 4335 3396 4384; x_wconf 77' lang='lat' dir='ltr'>binominis</span> <span class='ocrx_word' id='word_1_280' title='bbox 3434 4336 3597 4386; x_wconf 82' lang='lat' dir='ltr'>Histri</span> 
     </span>
    </p>

    <p class='ocr_par' dir='ltr' id='par_1_12' title="bbox 498 4518 3767 5724">
     <span class='ocr_line' id='line_1_40' title="bbox 671 4518 3688 4602; baseline 0.001 -14"><span class='ocrx_word' id='word_1_281' title='bbox 671 4538 736 4588; x_wconf 84' lang='lat'>85</span> <span class='ocrx_word' id='word_1_282' title='bbox 773 4554 1043 4602; x_wconf 75' lang='lat' dir='ltr'>squameus</span> <span class='ocrx_word' id='word_1_283' title='bbox 1077 4541 1198 4587; x_wconf 76' lang='lat' dir='ltr'>mai.</span> <span class='ocrx_word' id='word_1_284' title='bbox 1238 4541 1336 4588; x_wconf 76' lang='lat' dir='ltr'>liu.</span> <span class='ocrx_word' id='word_1_285' title='bbox 1377 4543 1444 4588; x_wconf 79' lang='lat' dir='ltr'>in.</span> <span class='ocrx_word' id='word_1_286' title='bbox 1491 4539 1535 4586; x_wconf 91' lang='lat' dir='ltr'><strong><em>B</em></strong></span> <span class='ocrx_word' id='word_1_287' title='bbox 1758 4542 1923 4602; x_wconf 72' lang='lat' dir='ltr'>capito</span> <span class='ocrx_word' id='word_1_288' title='bbox 1960 4538 2002 4584; x_wconf 94' lang='lat' dir='ltr'><strong><em>G</em></strong></span> <span class='ocrx_word' id='word_1_289' title='bbox 2047 4540 2090 4600; x_wconf 88' lang='lat' dir='ltr'>(o</span> <span class='ocrx_word' id='word_1_290' title='bbox 2126 4554 2184 4588; x_wconf 74' lang='lat' dir='ltr'>ex</span> <span class='ocrx_word' id='word_1_291' title='bbox 2221 4541 2264 4602; x_wconf 90' lang='lat' dir='ltr'>e)</span> <span class='ocrx_word' id='word_1_292' title='bbox 2310 4539 2361 4587; x_wconf 86' lang='grc' dir='ltr'><em>Χ</em></span> <span class='ocrx_word' id='word_1_293' title='bbox 2396 4540 2444 4601; x_wconf 81' lang='lat' dir='ltr'>(s</span> <span class='ocrx_word' id='word_1_294' title='bbox 2477 4555 2537 4588; x_wconf 73' lang='lat' dir='ltr'>ex</span> <span class='ocrx_word' id='word_1_295' title='bbox 2573 4543 2608 4598; x_wconf 82' lang='lat' dir='ltr'>l)</span> <span class='ocrx_word' id='word_1_296' title='bbox 2825 4518 3031 4588; x_wconf 76' lang='lat' dir='ltr'>hsrenss</span> <span class='ocrx_word' id='word_1_297' title='bbox 3070 4542 3119 4589; x_wconf 83' lang='lat' dir='ltr'><em>X</em></span> <span class='ocrx_word' id='word_1_298' title='bbox 3325 4540 3391 4590; x_wconf 90' lang='grc'>86</span> <span class='ocrx_word' id='word_1_299' title='bbox 3427 4544 3622 4591; x_wconf 75' lang='lat' dir='ltr'>uiscera</span> <span class='ocrx_word' id='word_1_300' title='bbox 3658 4541 3688 4592; x_wconf 75' lang='grc' dir='ltr'><strong><em>λ</em></strong></span> 
     </span>
     <span class='ocr_line' id='line_1_41' title="bbox 498 4624 3760 4690; baseline 0.001 -15"><span class='ocrx_word' id='word_1_301' title='bbox 498 4632 763 4687; x_wconf 85' lang='lat' dir='ltr'>congestus</span> <span class='ocrx_word' id='word_1_302' title='bbox 806 4626 848 4673; x_wconf 98' lang='lat' dir='ltr'><strong><em>G</em></strong></span> <span class='ocrx_word' id='word_1_303' title='bbox 890 4626 966 4690; x_wconf 86' lang='lat' dir='ltr'>(us</span> <span class='ocrx_word' id='word_1_304' title='bbox 1003 4635 1059 4673; x_wconf 71' lang='lat' dir='ltr'>ex</span> <span class='ocrx_word' id='word_1_305' title='bbox 1095 4627 1181 4686; x_wconf 91' lang='lat' dir='ltr'>is),</span> <span class='ocrx_word' id='word_1_306' title='bbox 1223 4632 1427 4685; x_wconf 84' lang='lat' dir='ltr'>egestus</span> <span class='ocrx_word' id='word_1_307' title='bbox 1464 4624 1492 4673; x_wconf 85' lang='grc' dir='ltr'><strong><em>λ</em></strong></span> <span class='ocrx_word' id='word_1_308' title='bbox 1772 4627 1977 4675; x_wconf 73' lang='lat' dir='ltr'>heristis</span> <span class='ocrx_word' id='word_1_309' title='bbox 2018 4626 2061 4672; x_wconf 94' lang='lat' dir='ltr'><strong><em>Z</em></strong></span> <span class='ocrx_word' id='word_1_310' title='bbox 2336 4625 2398 4674; x_wconf 88' lang='grc'>87</span> <span class='ocrx_word' id='word_1_311' title='bbox 2437 4640 2532 4674; x_wconf 90' lang='lat' dir='ltr'>neo</span> <span class='ocrx_word' id='word_1_312' title='bbox 2574 4627 2617 4672; x_wconf 89' lang='lat' dir='ltr'><em>Z</em></span> <span class='ocrx_word' id='word_1_313' title='bbox 2881 4628 3063 4675; x_wconf 77' lang='lat' dir='ltr'>cibaris</span> <span class='ocrx_word' id='word_1_314' title='bbox 3103 4628 3161 4685; x_wconf 89' lang='lat' dir='ltr'>Z,</span> <span class='ocrx_word' id='word_1_315' title='bbox 3204 4630 3375 4676; x_wconf 77' lang='lat' dir='ltr'>trioris</span> <span class='ocrx_word' id='word_1_316' title='bbox 3412 4630 3473 4689; x_wconf 84' lang='grc' dir='ltr'>Χ,</span> <span class='ocrx_word' id='word_1_317' title='bbox 3515 4629 3693 4677; x_wconf 83' lang='lat' dir='ltr'>thioria</span> <span class='ocrx_word' id='word_1_318' title='bbox 3730 4626 3760 4679; x_wconf 77' lang='grc' dir='ltr'><strong><em>λ</em></strong></span> 
     </span>
     <span class='ocr_line' id='line_1_42' title="bbox 499 4710 3693 4780; baseline 0 -19"><span class='ocrx_word' id='word_1_319' title='bbox 499 4711 563 4761; x_wconf 90' lang='grc'>88</span> <span class='ocrx_word' id='word_1_320' title='bbox 601 4726 982 4775; x_wconf 87' lang='lat' dir='ltr'>purpureusque</span> <span class='ocrx_word' id='word_1_321' title='bbox 1007 4713 1121 4774; x_wconf 89' lang='lat' dir='ltr'>BZ,</span> <span class='ocrx_word' id='word_1_322' title='bbox 1146 4726 1520 4775; x_wconf 73' lang='lat' dir='ltr'>purpureasque</span> <span class='ocrx_word' id='word_1_323' title='bbox 1546 4710 1594 4773; x_wconf 87' lang='grc' dir='ltr'>λ,</span> <span class='ocrx_word' id='word_1_324' title='bbox 1623 4715 1963 4776; x_wconf 86' lang='lat' dir='ltr'>purpurisque</span> <span class='ocrx_word' id='word_1_325' title='bbox 1996 4713 2082 4772; x_wconf 71' lang='lat' dir='ltr'>vy.</span> <span class='ocrx_word' id='word_1_326' title='bbox 2283 4711 2350 4760; x_wconf 83' lang='lat'>89</span> <span class='ocrx_word' id='word_1_327' title='bbox 2387 4714 2533 4761; x_wconf 81' lang='lat' dir='ltr'>raedo</span> <span class='ocrx_word' id='word_1_328' title='bbox 2562 4714 2619 4773; x_wconf 87' lang='grc' dir='ltr'>Χ,</span> <span class='ocrx_word' id='word_1_329' title='bbox 2654 4714 2802 4762; x_wconf 81' lang='lat' dir='ltr'>thedo</span> <span class='ocrx_word' id='word_1_330' title='bbox 2829 4711 2858 4762; x_wconf 79' lang='grc' dir='ltr'><strong><em>λ</em></strong></span> <span class='ocrx_word' id='word_1_331' title='bbox 3052 4712 3119 4762; x_wconf 93' lang='grc'>90</span> <span class='ocrx_word' id='word_1_332' title='bbox 3155 4711 3331 4780; x_wconf 87' lang='lat' dir='ltr'>celeri]</span> <span class='ocrx_word' id='word_1_333' title='bbox 3365 4715 3617 4762; x_wconf 87' lang='lat' dir='ltr'>hominum</span> <span class='ocrx_word' id='word_1_334' title='bbox 3652 4716 3693 4762; x_wconf 88' lang='lat' dir='ltr'><em>Z</em></span> 
     </span>
     <span class='ocr_line' id='line_1_43' title="bbox 499 4798 3764 4861; baseline 0.001 -14"><span class='ocrx_word' id='word_1_335' title='bbox 499 4805 672 4848; x_wconf 69' lang='lat' dir='ltr'>natatu</span> <span class='ocrx_word' id='word_1_336' title='bbox 717 4799 759 4846; x_wconf 93' lang='lat' dir='ltr'><strong><em>G</em></strong></span> <span class='ocrx_word' id='word_1_337' title='bbox 799 4800 846 4861; x_wconf 79' lang='grc' dir='ltr'>(ι</span> <span class='ocrx_word' id='word_1_338' title='bbox 882 4800 972 4849; x_wconf 77' lang='lat' dir='ltr'>alt.</span> <span class='ocrx_word' id='word_1_339' title='bbox 1013 4813 1072 4846; x_wconf 75' lang='lat' dir='ltr'>ex</span> <span class='ocrx_word' id='word_1_340' title='bbox 1108 4801 1161 4861; x_wconf 87' lang='lat' dir='ltr'>u)</span> <span class='ocrx_word' id='word_1_341' title='bbox 1411 4798 1467 4847; x_wconf 89' lang='grc'>91</span> <span class='ocrx_word' id='word_1_342' title='bbox 1515 4800 1683 4847; x_wconf 79' lang='lat' dir='ltr'>fauces</span> <span class='ocrx_word' id='word_1_343' title='bbox 1726 4799 1768 4845; x_wconf 93' lang='lat' dir='ltr'>Z</span> <span class='ocrx_word' id='word_1_344' title='bbox 1807 4800 1862 4861; x_wconf 84' lang='lat' dir='ltr'>(s.</span> <span class='ocrx_word' id='word_1_345' title='bbox 1905 4801 1975 4861; x_wconf 84' lang='lat' dir='ltr'>v.)</span> <span class='ocrx_word' id='word_1_346' title='bbox 2225 4804 2410 4848; x_wconf 81' lang='lat' dir='ltr'>uexate</span> <span class='ocrx_word' id='word_1_347' title='bbox 2454 4801 2497 4847; x_wconf 88' lang='lat' dir='ltr'><strong><em>G</em></strong></span> <span class='ocrx_word' id='word_1_348' title='bbox 2541 4799 2584 4860; x_wconf 91' lang='lat' dir='ltr'>(e</span> <span class='ocrx_word' id='word_1_349' title='bbox 2620 4802 2708 4849; x_wconf 74' lang='lat' dir='ltr'>alt.</span> <span class='ocrx_word' id='word_1_350' title='bbox 2741 4815 2800 4848; x_wconf 74' lang='lat' dir='ltr'>ex</span> <span class='ocrx_word' id='word_1_351' title='bbox 2836 4801 2936 4861; x_wconf 77' lang='lat' dir='ltr'>ae),</span> <span class='ocrx_word' id='word_1_352' title='bbox 2979 4804 3156 4849; x_wconf 74' lang='lat' dir='ltr'>necate</span> <span class='ocrx_word' id='word_1_353' title='bbox 3195 4798 3272 4849; x_wconf 85' lang='grc' dir='ltr'>Βλ</span> <span class='ocrx_word' id='word_1_354' title='bbox 3516 4803 3681 4850; x_wconf 70' lang='lat' dir='ltr'>sanari</span> <span class='ocrx_word' id='word_1_355' title='bbox 3719 4802 3764 4849; x_wconf 85' lang='lat' dir='ltr'><em>B</em></span> 
     </span>
     <span class='ocr_line' id='line_1_44' title="bbox 500 4882 3760 4948; baseline 0.002 -14"><span class='ocrx_word' id='word_1_356' title='bbox 500 4883 565 4934; x_wconf 89' lang='grc'>92</span> <span class='ocrx_word' id='word_1_357' title='bbox 602 4887 762 4948; x_wconf 76' lang='lat' dir='ltr'>qualis</span> <span class='ocrx_word' id='word_1_358' title='bbox 799 4887 844 4932; x_wconf 89' lang='grc' dir='ltr'><strong><em>Β</em></strong></span> <span class='ocrx_word' id='word_1_359' title='bbox 1052 4886 1127 4932; x_wconf 91' lang='lat' dir='ltr'>bis</span> <span class='ocrx_word' id='word_1_360' title='bbox 1166 4882 1208 4929; x_wconf 88' lang='lat' dir='ltr'><strong><em>G</em></strong></span> <span class='ocrx_word' id='word_1_361' title='bbox 1255 4885 1300 4945; x_wconf 90' lang='lat' dir='ltr'>(b</span> <span class='ocrx_word' id='word_1_362' title='bbox 1336 4900 1395 4933; x_wconf 77' lang='lat' dir='ltr'>ex</span> <span class='ocrx_word' id='word_1_363' title='bbox 1432 4886 1483 4946; x_wconf 89' lang='lat' dir='ltr'>h)</span> <span class='ocrx_word' id='word_1_364' title='bbox 1698 4892 1781 4934; x_wconf 85' lang='lat' dir='ltr'>ten</span> <span class='ocrx_word' id='word_1_365' title='bbox 1821 4900 1885 4933; x_wconf 79' lang='lat' dir='ltr'>ns</span> <span class='ocrx_word' id='word_1_366' title='bbox 1922 4886 1970 4932; x_wconf 86' lang='grc' dir='ltr'><em>Χ</em></span> <span class='ocrx_word' id='word_1_367' title='bbox 2175 4887 2338 4934; x_wconf 79' lang='lat' dir='ltr'>hostia</span> <span class='ocrx_word' id='word_1_368' title='bbox 2375 4887 2419 4933; x_wconf 91' lang='lat' dir='ltr'><em>B</em></span> <span class='ocrx_word' id='word_1_369' title='bbox 2462 4885 2510 4945; x_wconf 89' lang='lat' dir='ltr'>(h</span> <span class='ocrx_word' id='word_1_370' title='bbox 2548 4886 2693 4948; x_wconf 78' lang='lat' dir='ltr'>eras.)</span> <span class='ocrx_word' id='word_1_371' title='bbox 2742 4889 2785 4935; x_wconf 94' lang='lat' dir='ltr'><strong><em>Z</em></strong></span> <span class='ocrx_word' id='word_1_372' title='bbox 3038 4885 3103 4934; x_wconf 91' lang='grc'>93</span> <span class='ocrx_word' id='word_1_373' title='bbox 3146 4887 3365 4935; x_wconf 83' lang='lat' dir='ltr'>melioris</span> <span class='ocrx_word' id='word_1_374' title='bbox 3409 4886 3451 4933; x_wconf 92' lang='lat' dir='ltr'><strong><em>G</em></strong></span> <span class='ocrx_word' id='word_1_375' title='bbox 3494 4888 3567 4948; x_wconf 75' lang='lat' dir='ltr'>(ex</span> <span class='ocrx_word' id='word_1_376' title='bbox 3603 4904 3652 4936; x_wconf 85' lang='lat' dir='ltr'>v.</span> <span class='ocrx_word' id='word_1_377' title='bbox 3694 4891 3760 4938; x_wconf 80' lang='lat'>95</span> 
     </span>
     <span class='ocr_line' id='line_1_45' title="bbox 498 4970 3752 5045; baseline 0.001 -25"><span class='ocrx_word' id='word_1_378' title='bbox 498 4977 586 5020; x_wconf 71' lang='lat' dir='ltr'>aut</span> <span class='ocrx_word' id='word_1_379' title='bbox 621 4987 679 5020; x_wconf 71' lang='lat' dir='ltr'>cx</span> <span class='ocrx_word' id='word_1_380' title='bbox 723 4973 858 5032; x_wconf 72' lang='lat' dir='ltr'>Very.</span> <span class='ocrx_word' id='word_1_381' title='bbox 903 4974 1027 5019; x_wconf 79' lang='lat' dir='ltr'>Aen.</span> <span class='ocrx_word' id='word_1_382' title='bbox 1074 4972 1197 5018; x_wconf 88' lang='lat'><em>1111</em></span> <span class='ocrx_word' id='word_1_383' title='bbox 1230 4973 1348 5032; x_wconf 72' lang='lat'>921)</span> <span class='ocrx_word' id='word_1_384' title='bbox 1392 4972 1654 5034; x_wconf 70' lang='lat' dir='ltr'>Booeke’ny,</span> <span class='ocrx_word' id='word_1_385' title='bbox 1698 4974 1910 5020; x_wconf 83' lang='lat' dir='ltr'>maiores</span> <span class='ocrx_word' id='word_1_386' title='bbox 1948 4973 1997 5019; x_wconf 88' lang='grc' dir='ltr'><em>Χ</em></span> <span class='ocrx_word' id='word_1_387' title='bbox 2271 4971 2337 5021; x_wconf 79' lang='grc'>94</span> <span class='ocrx_word' id='word_1_388' title='bbox 2374 4986 2518 5020; x_wconf 80' lang='lat' dir='ltr'>saxos</span> <span class='ocrx_word' id='word_1_389' title='bbox 2555 4970 2603 5035; x_wconf 81' lang='grc' dir='ltr'>λ,</span> <span class='ocrx_word' id='word_1_390' title='bbox 2647 4987 2809 5023; x_wconf 76' lang='lat' dir='ltr'>sacros</span> <span class='ocrx_word' id='word_1_391' title='bbox 2854 4974 2942 5034; x_wconf 75' lang='lat' dir='ltr'>Uy.</span> <span class='ocrx_word' id='word_1_392' title='bbox 3224 4974 3374 5021; x_wconf 69' lang='lat' dir='ltr'>barbe</span> <span class='ocrx_word' id='word_1_393' title='bbox 3419 4972 3461 5019; x_wconf 89' lang='lat' dir='ltr'><strong><em>G</em></strong></span> <span class='ocrx_word' id='word_1_394' title='bbox 3506 4973 3547 5045; x_wconf 77' lang='lat' dir='ltr'>(e</span> <span class='ocrx_word' id='word_1_395' title='bbox 3584 4988 3640 5021; x_wconf 74' lang='lat' dir='ltr'>ex</span> <span class='ocrx_word' id='word_1_396' title='bbox 3676 4973 3752 5034; x_wconf 78' lang='lat' dir='ltr'>se)</span> 
     </span>
     <span class='ocr_line' id='line_1_46' title="bbox 498 5047 3759 5120; baseline -0 -14"><span class='ocrx_word' id='word_1_397' title='bbox 498 5059 563 5107; x_wconf 92' lang='grc'>95</span> <span class='ocrx_word' id='word_1_398' title='bbox 602 5061 692 5106; x_wconf 89' lang='lat' dir='ltr'>uni</span> <span class='ocrx_word' id='word_1_399' title='bbox 736 5058 777 5104; x_wconf 90' lang='lat' dir='ltr'><em>Z</em></span> <span class='ocrx_word' id='word_1_400' title='bbox 983 5057 1050 5106; x_wconf 87' lang='grc'>96</span> <span class='ocrx_word' id='word_1_401' title='bbox 1086 5060 1359 5120; x_wconf 74' lang='lat' dir='ltr'>spirantem</span> <span class='ocrx_word' id='word_1_402' title='bbox 1399 5057 1442 5103; x_wconf 98' lang='lat' dir='ltr'><strong><em>G</em></strong></span> <span class='ocrx_word' id='word_1_403' title='bbox 1487 5065 1533 5119; x_wconf 84' lang='lat' dir='ltr'>(v</span> <span class='ocrx_word' id='word_1_404' title='bbox 1571 5073 1721 5119; x_wconf 79' lang='lat' dir='ltr'>supra</span> <span class='ocrx_word' id='word_1_405' title='bbox 1758 5062 1802 5117; x_wconf 87' lang='lat' dir='ltr'>e)</span> <span class='ocrx_word' id='word_1_406' title='bbox 1855 5058 1944 5119; x_wconf 71' lang='lat' dir='ltr'>Uy.</span> <span class='ocrx_word' id='word_1_407' title='bbox 2167 5058 2408 5105; x_wconf 81' lang='lat' dir='ltr'>illaudata</span> <span class='ocrx_word' id='word_1_408' title='bbox 2447 5058 2540 5104; x_wconf 90' lang='lat' dir='ltr'>BZ</span> <span class='ocrx_word' id='word_1_409' title='bbox 2762 5058 2824 5106; x_wconf 86' lang='lat'>97</span> <span class='ocrx_word' id='word_1_410' title='bbox 2863 5061 2992 5108; x_wconf 73' lang='lat' dir='ltr'>almo</span> <span class='ocrx_word' id='word_1_411' title='bbox 3030 5061 3080 5107; x_wconf 90' lang='grc' dir='ltr'><em>Χ</em></span> <span class='ocrx_word' id='word_1_412' title='bbox 3291 5056 3357 5107; x_wconf 91' lang='grc'>98</span> <span class='ocrx_word' id='word_1_413' title='bbox 3394 5047 3676 5107; x_wconf 77' lang='lat' dir='ltr'>trans¹erim</span> <span class='ocrx_word' id='word_1_414' title='bbox 3716 5057 3759 5105; x_wconf 88' lang='lat' dir='ltr'><strong><em>G</em></strong></span> 
     </span>
     <span class='ocr_line' id='line_1_47' title="bbox 500 5142 3765 5208; baseline 0 -16"><span class='ocrx_word' id='word_1_415' title='bbox 500 5144 565 5192; x_wconf 88' lang='grc'>99</span> <span class='ocrx_word' id='word_1_416' title='bbox 604 5145 792 5205; x_wconf 82' lang='lat' dir='ltr'>surgite</span> <span class='ocrx_word' id='word_1_417' title='bbox 830 5145 894 5192; x_wconf 88' lang='lat' dir='ltr'>de</span> <span class='ocrx_word' id='word_1_418' title='bbox 932 5142 978 5205; x_wconf 82' lang='grc' dir='ltr'>λ,</span> <span class='ocrx_word' id='word_1_419' title='bbox 1021 5145 1182 5205; x_wconf 81' lang='lat' dir='ltr'>surgit</span> <span class='ocrx_word' id='word_1_420' title='bbox 1215 5150 1267 5192; x_wconf 83' lang='lat' dir='ltr'>et</span> <span class='ocrx_word' id='word_1_421' title='bbox 1304 5159 1331 5191; x_wconf 90' lang='lat' dir='ltr'>e</span> <span class='ocrx_word' id='word_1_422' title='bbox 1377 5144 1464 5204; x_wconf 75' lang='lat' dir='ltr'>Uy.</span> <span class='ocrx_word' id='word_1_423' title='bbox 1724 5143 1821 5192; x_wconf 92' lang='grc'>100</span> <span class='ocrx_word' id='word_1_424' title='bbox 1858 5146 2083 5192; x_wconf 82' lang='lat' dir='ltr'>occultus</span> <span class='ocrx_word' id='word_1_425' title='bbox 2127 5144 2169 5191; x_wconf 87' lang='lat' dir='ltr'><strong><em>G</em></strong></span> <span class='ocrx_word' id='word_1_426' title='bbox 2214 5147 2261 5206; x_wconf 91' lang='lat' dir='ltr'>(u</span> <span class='ocrx_word' id='word_1_427' title='bbox 2301 5145 2389 5192; x_wconf 76' lang='lat' dir='ltr'>alt.</span> <span class='ocrx_word' id='word_1_428' title='bbox 2432 5158 2489 5191; x_wconf 72' lang='lat' dir='ltr'>ea:</span> <span class='ocrx_word' id='word_1_429' title='bbox 2526 5145 2611 5207; x_wconf 80' lang='lat' dir='ltr'>si),</span> <span class='ocrx_word' id='word_1_430' title='bbox 2655 5142 2877 5195; x_wconf 68' lang='lat' dir='ltr'>occultas</span> <span class='ocrx_word' id='word_1_431' title='bbox 2920 5146 2960 5192; x_wconf 86' lang='lat' dir='ltr'><em>Z</em></span> <span class='ocrx_word' id='word_1_432' title='bbox 3202 5158 3361 5207; x_wconf 77' lang='lat' dir='ltr'>aequo</span> <span class='ocrx_word' id='word_1_433' title='bbox 3396 5144 3633 5208; x_wconf 84' lang='lat' dir='ltr'>repulsus</span> <span class='ocrx_word' id='word_1_434' title='bbox 3671 5145 3765 5193; x_wconf 76' lang='grc' dir='ltr'>ΘΧ</span> 
     </span>
     <span class='ocr_line' id='line_1_48' title="bbox 504 5227 3687 5293; baseline 0 -15"><span class='ocrx_word' id='word_1_435' title='bbox 504 5228 591 5278; x_wconf 89' lang='grc'>101</span> <span class='ocrx_word' id='word_1_436' title='bbox 635 5231 865 5279; x_wconf 76' lang='lat' dir='ltr'>locricato</span> <span class='ocrx_word' id='word_1_437' title='bbox 892 5227 934 5274; x_wconf 94' lang='lat' dir='ltr'><strong><em>G</em></strong></span> <span class='ocrx_word' id='word_1_438' title='bbox 969 5231 1010 5291; x_wconf 87' lang='lat' dir='ltr'>(c</span> <span class='ocrx_word' id='word_1_439' title='bbox 1030 5245 1108 5290; x_wconf 80' lang='lat' dir='ltr'>pr.</span> <span class='ocrx_word' id='word_1_440' title='bbox 1140 5231 1312 5292; x_wconf 52' lang='lat' dir='ltr'>ema),</span> <span class='ocrx_word' id='word_1_441' title='bbox 1357 5231 1533 5279; x_wconf 78' lang='lat' dir='ltr'>iolcsto</span> <span class='ocrx_word' id='word_1_442' title='bbox 1559 5229 1623 5280; x_wconf 67' lang='grc' dir='ltr'>λ*</span> <span class='ocrx_word' id='word_1_443' title='bbox 1833 5231 1996 5278; x_wconf 78' lang='lat' dir='ltr'>fronte</span> <span class='ocrx_word' id='word_1_444' title='bbox 2026 5232 2067 5278; x_wconf 93' lang='lat' dir='ltr'><strong><em>Z</em></strong></span> <span class='ocrx_word' id='word_1_445' title='bbox 2283 5229 2379 5279; x_wconf 89' lang='grc'>102</span> <span class='ocrx_word' id='word_1_446' title='bbox 2417 5231 2567 5278; x_wconf 87' lang='lat' dir='ltr'>dubie</span> <span class='ocrx_word' id='word_1_447' title='bbox 2600 5229 2629 5279; x_wconf 81' lang='grc' dir='ltr'><strong><em>λ</em></strong></span> <span class='ocrx_word' id='word_1_448' title='bbox 2661 5233 2706 5291; x_wconf 80' lang='lat' dir='ltr'>(e</span> <span class='ocrx_word' id='word_1_449' title='bbox 2733 5246 2788 5279; x_wconf 74' lang='lat' dir='ltr'>ex</span> <span class='ocrx_word' id='word_1_450' title='bbox 2812 5232 2857 5290; x_wconf 92' lang='lat' dir='ltr'>o)</span> <span class='ocrx_word' id='word_1_451' title='bbox 3072 5231 3263 5278; x_wconf 78' lang='lat' dir='ltr'>forculs</span> <span class='ocrx_word' id='word_1_452' title='bbox 3300 5227 3363 5280; x_wconf 70' lang='grc' dir='ltr'>λ*</span> <span class='ocrx_word' id='word_1_453' title='bbox 3392 5230 3438 5293; x_wconf 88' lang='lat' dir='ltr'>(e</span> <span class='ocrx_word' id='word_1_454' title='bbox 3463 5245 3521 5278; x_wconf 72' lang='lat' dir='ltr'>ea:</span> <span class='ocrx_word' id='word_1_455' title='bbox 3545 5245 3573 5280; x_wconf 92' lang='lat' dir='ltr'>o</span> <span class='ocrx_word' id='word_1_456' title='bbox 3598 5228 3687 5293; x_wconf 74' lang='lat' dir='ltr'>m2)</span> 
     </span>
     <span class='ocr_line' id='line_1_49' title="bbox 499 5314 3760 5386; baseline 0.001 -24"><span class='ocrx_word' id='word_1_457' title='bbox 499 5330 624 5378; x_wconf 73' lang='lat' dir='ltr'>cene</span> <span class='ocrx_word' id='word_1_458' title='bbox 661 5315 771 5377; x_wconf 82' lang='grc' dir='ltr'>ΘΧ,</span> <span class='ocrx_word' id='word_1_459' title='bbox 810 5330 991 5363; x_wconf 80' lang='lat' dir='ltr'>coense</span> <span class='ocrx_word' id='word_1_460' title='bbox 1030 5314 1078 5378; x_wconf 79' lang='grc' dir='ltr'>λ,</span> <span class='ocrx_word' id='word_1_461' title='bbox 1121 5331 1296 5380; x_wconf 74' lang='lat' dir='ltr'>mense</span> <span class='ocrx_word' id='word_1_462' title='bbox 1339 5316 1382 5361; x_wconf 89' lang='lat' dir='ltr'><em>Z</em></span> <span class='ocrx_word' id='word_1_463' title='bbox 1593 5315 1687 5364; x_wconf 88' lang='grc'>103</span> <span class='ocrx_word' id='word_1_464' title='bbox 1726 5316 2021 5386; x_wconf 59' lang='lat' dir='ltr'>longusrum</span> <span class='ocrx_word' id='word_1_465' title='bbox 2051 5317 2096 5363; x_wconf 83' lang='grc' dir='ltr'><em>Χ</em></span> <span class='ocrx_word' id='word_1_466' title='bbox 2302 5318 2587 5379; x_wconf 76' lang='lat' dir='ltr'>incorrupta</span> <span class='ocrx_word' id='word_1_467' title='bbox 2624 5331 2870 5366; x_wconf 79' lang='lat' dir='ltr'>morarum</span> <span class='ocrx_word' id='word_1_468' title='bbox 2902 5317 2947 5375; x_wconf 79' lang='lat' dir='ltr'>(s</span> <span class='ocrx_word' id='word_1_469' title='bbox 2971 5331 3028 5364; x_wconf 70' lang='lat' dir='ltr'>ez·</span> <span class='ocrx_word' id='word_1_470' title='bbox 3051 5319 3098 5380; x_wconf 81' lang='grc' dir='ltr'>ο)</span> <span class='ocrx_word' id='word_1_471' title='bbox 3129 5317 3173 5363; x_wconf 88' lang='grc' dir='ltr'><em>Β</em></span> <span class='ocrx_word' id='word_1_472' title='bbox 3387 5317 3484 5367; x_wconf 87' lang='grc'>106</span> <span class='ocrx_word' id='word_1_473' title='bbox 3520 5319 3760 5367; x_wconf 87' lang='lat' dir='ltr'>illiricum</span> 
     </span>
     <span class='ocr_line' id='line_1_50' title="bbox 505 5379 3692 5464; baseline 0.002 -16"><span class='ocrx_word' id='word_1_474' title='bbox 505 5401 608 5462; x_wconf 88' lang='lat' dir='ltr'>GZ,</span> <span class='ocrx_word' id='word_1_475' title='bbox 653 5401 902 5464; x_wconf 80' lang='lat' dir='ltr'>illipicum</span> <span class='ocrx_word' id='word_1_476' title='bbox 940 5399 969 5450; x_wconf 79' lang='grc' dir='ltr'><strong><em>λ</em></strong></span> <span class='ocrx_word' id='word_1_477' title='bbox 1200 5403 1471 5451; x_wconf 89' lang='lat' dir='ltr'>binominis</span> <span class='ocrx_word' id='word_1_478' title='bbox 1508 5403 1552 5450; x_wconf 90' lang='lat' dir='ltr'><strong><em>B</em></strong></span> <span class='ocrx_word' id='word_1_479' title='bbox 1597 5404 1830 5463; x_wconf 86' lang='lat' dir='ltr'>(nominis</span> <span class='ocrx_word' id='word_1_480' title='bbox 1867 5405 1919 5449; x_wconf 77' lang='lat' dir='ltr'>in</span> <span class='ocrx_word' id='word_1_481' title='bbox 1952 5403 2076 5463; x_wconf 78' lang='lat' dir='ltr'>ras.)</span> <span class='ocrx_word' id='word_1_482' title='bbox 2289 5379 2437 5449; x_wconf 81' lang='lat' dir='ltr'>¹1istri</span> <span class='ocrx_word' id='word_1_483' title='bbox 2477 5403 2519 5449; x_wconf 91' lang='lat' dir='ltr'><strong><em>Z</em></strong></span> <span class='ocrx_word' id='word_1_484' title='bbox 2749 5402 2841 5451; x_wconf 81' lang='grc'>107</span> <span class='ocrx_word' id='word_1_485' title='bbox 2882 5403 3085 5452; x_wconf 83' lang='lat' dir='ltr'>incidiis</span> <span class='ocrx_word' id='word_1_486' title='bbox 3124 5403 3171 5449; x_wconf 97' lang='grc' dir='ltr'><em>Χ</em></span> <span class='ocrx_word' id='word_1_487' title='bbox 3394 5404 3627 5453; x_wconf 73' lang='lat' dir='ltr'>mustella</span> <span class='ocrx_word' id='word_1_488' title='bbox 3663 5401 3692 5452; x_wconf 79' lang='grc' dir='ltr'><strong><em>λ</em></strong></span> 
     </span>
     <span class='ocr_line' id='line_1_51' title="bbox 499 5468 3765 5550; baseline 0.001 -15"><span class='ocrx_word' id='word_1_489' title='bbox 499 5494 670 5535; x_wconf 69' lang='lat' dir='ltr'>natatu</span> <span class='ocrx_word' id='word_1_490' title='bbox 704 5487 746 5533; x_wconf 89' lang='lat' dir='ltr'><em>Z</em></span> <span class='ocrx_word' id='word_1_491' title='bbox 958 5487 1052 5538; x_wconf 91' lang='grc'>109</span> <span class='ocrx_word' id='word_1_492' title='bbox 1089 5490 1476 5538; x_wconf 81' lang='lat' dir='ltr'>defrudarentur</span> <span class='ocrx_word' id='word_1_493' title='bbox 1500 5490 1564 5550; x_wconf 92' lang='grc' dir='ltr'>Χ,</span> <span class='ocrx_word' id='word_1_494' title='bbox 1607 5489 2017 5538; x_wconf 76' lang='lat' dir='ltr'>defraudarentur</span> <span class='ocrx_word' id='word_1_495' title='bbox 2040 5494 2127 5538; x_wconf 79' lang='lat' dir='ltr'>cet.</span> <span class='ocrx_word' id='word_1_496' title='bbox 2337 5488 2432 5537; x_wconf 90' lang='grc'>110</span> <span class='ocrx_word' id='word_1_497' title='bbox 2470 5490 2621 5537; x_wconf 83' lang='lat' dir='ltr'>fluxit</span> <span class='ocrx_word' id='word_1_498' title='bbox 2650 5488 2691 5534; x_wconf 87' lang='lat' dir='ltr'><strong><em>Z</em></strong></span> <span class='ocrx_word' id='word_1_499' title='bbox 2890 5496 2972 5536; x_wconf 71' lang='lat' dir='ltr'>sta</span> <span class='ocrx_word' id='word_1_500' title='bbox 2998 5489 3045 5536; x_wconf 88' lang='grc' dir='ltr'><em>Χ</em></span> <span class='ocrx_word' id='word_1_501' title='bbox 3254 5487 3344 5536; x_wconf 87' lang='grc'>111</span> <span class='ocrx_word' id='word_1_502' title='bbox 3387 5495 3569 5537; x_wconf 74' lang='lat' dir='ltr'>cuncta</span> <span class='ocrx_word' id='word_1_503' title='bbox 3592 5468 3765 5539; x_wconf 65' lang='lat' dir='ltr'>notant</span> 
     </span>
     <span class='ocr_line' id='line_1_52' title="bbox 508 5570 3762 5637; baseline 0.001 -16"><span class='ocrx_word' id='word_1_504' title='bbox 508 5574 547 5621; x_wconf 75' lang='lat' dir='ltr'>,t</span> <span class='ocrx_word' id='word_1_505' title='bbox 753 5588 880 5635; x_wconf 80' lang='lat' dir='ltr'>quse</span> <span class='ocrx_word' id='word_1_506' title='bbox 922 5572 1032 5622; x_wconf 72' lang='lat' dir='ltr'>Tou</span> <span class='ocrx_word' id='word_1_507' title='bbox 1056 5576 1197 5634; x_wconf 74' lang='lat' dir='ltr'>volyo</span> <span class='ocrx_word' id='word_1_508' title='bbox 1405 5577 1505 5634; x_wconf 81' lang='lat' dir='ltr'>yris</span> <span class='ocrx_word' id='word_1_509' title='bbox 1541 5575 1633 5621; x_wconf 87' lang='grc' dir='ltr'>ΒΖ</span> <span class='ocrx_word' id='word_1_510' title='bbox 1845 5574 1940 5624; x_wconf 87' lang='grc'>112</span> <span class='ocrx_word' id='word_1_511' title='bbox 1978 5576 2115 5623; x_wconf 77' lang='lat' dir='ltr'>focus</span> <span class='ocrx_word' id='word_1_512' title='bbox 2154 5570 2201 5636; x_wconf 75' lang='grc' dir='ltr'>λ,</span> <span class='ocrx_word' id='word_1_513' title='bbox 2243 5589 2395 5622; x_wconf 86' lang='lat' dir='ltr'>sucus</span> <span class='ocrx_word' id='word_1_514' title='bbox 2429 5575 2474 5621; x_wconf 89' lang='lat' dir='ltr'><strong><em>B</em></strong></span> <span class='ocrx_word' id='word_1_515' title='bbox 2688 5573 2784 5623; x_wconf 88' lang='grc'>113</span> <span class='ocrx_word' id='word_1_516' title='bbox 2821 5575 2989 5623; x_wconf 70' lang='lat' dir='ltr'>fartim</span> <span class='ocrx_word' id='word_1_517' title='bbox 3015 5588 3109 5624; x_wconf 84' lang='lat' dir='ltr'>om.</span> <span class='ocrx_word' id='word_1_518' title='bbox 3143 5573 3187 5621; x_wconf 88' lang='lat' dir='ltr'><em>B</em></span> <span class='ocrx_word' id='word_1_519' title='bbox 3218 5573 3317 5635; x_wconf 78' lang='lat' dir='ltr'>(scd</span> <span class='ocrx_word' id='word_1_520' title='bbox 3337 5579 3450 5635; x_wconf 75' lang='lat' dir='ltr'>post</span> <span class='ocrx_word' id='word_1_521' title='bbox 3474 5577 3762 5637; x_wconf 77' lang='lat' dir='ltr'>pinguescis</span> 
     </span>
     <span class='ocr_line' id='line_1_53' title="bbox 499 5658 3767 5724; baseline 0 -17"><span class='ocrx_word' id='word_1_522' title='bbox 499 5663 717 5720; x_wconf 72' lang='lat' dir='ltr'>spatium</span> <span class='ocrx_word' id='word_1_523' title='bbox 751 5661 846 5708; x_wconf 77' lang='lat' dir='ltr'>liu.</span> <span class='ocrx_word' id='word_1_524' title='bbox 889 5661 995 5722; x_wconf 71' lang='lat' dir='ltr'>fere</span> <span class='ocrx_word' id='word_1_525' title='bbox 1031 5663 1078 5722; x_wconf 78' lang='lat'>5)</span> <span class='ocrx_word' id='word_1_526' title='bbox 1123 5658 1172 5721; x_wconf 79' lang='grc' dir='ltr'>λ,</span> <span class='ocrx_word' id='word_1_527' title='bbox 1215 5660 1383 5709; x_wconf 73' lang='lat' dir='ltr'>restim</span> <span class='ocrx_word' id='word_1_528' title='bbox 1423 5662 1470 5707; x_wconf 84' lang='grc' dir='ltr'><em>Χ</em></span> <span class='ocrx_word' id='word_1_529' title='bbox 1678 5663 1969 5722; x_wconf 82' lang='lat' dir='ltr'>pinguescis</span> <span class='ocrx_word' id='word_1_530' title='bbox 2010 5662 2052 5708; x_wconf 92' lang='lat' dir='ltr'><strong><em>G</em></strong></span> <span class='ocrx_word' id='word_1_531' title='bbox 2081 5661 2297 5722; x_wconf 82' lang='lat' dir='ltr'>(guescis</span> <span class='ocrx_word' id='word_1_532' title='bbox 2325 5663 2377 5707; x_wconf 78' lang='lat' dir='ltr'>in</span> <span class='ocrx_word' id='word_1_533' title='bbox 2400 5661 2548 5721; x_wconf 56' lang='grc' dir='ltr'><em>ται),</em></span> <span class='ocrx_word' id='word_1_534' title='bbox 2591 5660 2841 5724; x_wconf 86' lang='lat' dir='ltr'>pingescis</span> <span class='ocrx_word' id='word_1_535' title='bbox 2880 5660 2944 5721; x_wconf 89' lang='grc' dir='ltr'>Χ,</span> <span class='ocrx_word' id='word_1_536' title='bbox 2984 5661 3273 5722; x_wconf 79' lang='lat' dir='ltr'>pinguescit</span> <span class='ocrx_word' id='word_1_537' title='bbox 3308 5660 3349 5705; x_wconf 90' lang='lat' dir='ltr'><em>Z</em></span> <span class='ocrx_word' id='word_1_538' title='bbox 3555 5661 3693 5709; x_wconf 79' lang='lat' dir='ltr'>illint</span> <span class='ocrx_word' id='word_1_539' title='bbox 3720 5661 3767 5707; x_wconf 90' lang='grc' dir='ltr'><em>Χ</em></span> 
     </span>
    </p>
   </div>
   <div class='ocr_carea' id='block_1_6' title="bbox 502 5741 3764 5813">
    <p class='ocr_par' dir='ltr' id='par_1_13' title="bbox 502 5741 3764 5813">
     <span class='ocr_line' id='line_1_54' title="bbox 502 5741 3764 5813; baseline -0.001 -17"><span class='ocrx_word' id='word_1_540' title='bbox 502 5743 597 5796; x_wconf 79' lang='grc'>114</span> <span class='ocrx_word' id='word_1_541' title='bbox 636 5741 753 5813; x_wconf 89' lang='lat' dir='ltr'>sub]</span> <span class='ocrx_word' id='word_1_542' title='bbox 789 5746 850 5793; x_wconf 74' lang='lat' dir='ltr'>sd</span> <span class='ocrx_word' id='word_1_543' title='bbox 887 5745 973 5807; x_wconf 69' lang='lat' dir='ltr'>Ua.</span> <span class='ocrx_word' id='word_1_544' title='bbox 1193 5745 1288 5796; x_wconf 83' lang='lat'>115</span> <span class='ocrx_word' id='word_1_545' title='bbox 1325 5761 1419 5794; x_wconf 87' lang='lat' dir='ltr'>nec</span> <span class='ocrx_word' id='word_1_546' title='bbox 1443 5750 1560 5799; x_wconf 81' lang='lat' dir='ltr'>mai.</span> <span class='ocrx_word' id='word_1_547' title='bbox 1591 5748 1687 5799; x_wconf 73' lang='lat' dir='ltr'>litt.</span> <span class='ocrx_word' id='word_1_548' title='bbox 1717 5750 1786 5798; x_wconf 74' lang='lat' dir='ltr'>in.</span> <span class='ocrx_word' id='word_1_549' title='bbox 1818 5747 1907 5795; x_wconf 74' lang='grc' dir='ltr'>ΟΒ</span> <span class='ocrx_word' id='word_1_550' title='bbox 2113 5752 2255 5811; x_wconf 72' lang='lat' dir='ltr'>perta</span> <span class='ocrx_word' id='word_1_551' title='bbox 2281 5747 2346 5808; x_wconf 89' lang='lat' dir='ltr'>B,</span> <span class='ocrx_word' id='word_1_552' title='bbox 2385 5761 2529 5810; x_wconf 72' lang='lat' dir='ltr'>parca</span> <span class='ocrx_word' id='word_1_553' title='bbox 2554 5742 2616 5797; x_wconf 71' lang='grc' dir='ltr'>λ*</span> <span class='ocrx_word' id='word_1_554' title='bbox 2825 5746 2996 5794; x_wconf 86' lang='lat' dir='ltr'>sibebo</span> <span class='ocrx_word' id='word_1_555' title='bbox 3021 5746 3072 5793; x_wconf 91' lang='grc' dir='ltr'><em>Χ</em></span> <span class='ocrx_word' id='word_1_556' title='bbox 3282 5744 3377 5794; x_wconf 87' lang='grc'>116</span> <span class='ocrx_word' id='word_1_557' title='bbox 3412 5748 3692 5807; x_wconf 81' lang='lat' dir='ltr'>amnigeros</span> <span class='ocrx_word' id='word_1_558' title='bbox 3722 5746 3764 5792; x_wconf 90' lang='lat' dir='ltr'><em>Z</em></span> 
     </span>
    </p>
   </div>
  </div>
 </body>
</html>
