4630 6435
466 2126 524 2165 io

465 2641 523 2681 15

461 3156 523 3198 20

1480 420 1891 477 EPITAPHIA
1935 424 2161 487 (XVII).
2237 421 2586 479 MOSELLA
2630 423 2884 486 (XVIII).
3735 424 3811 489 81,

1717 777 2039 877 XVIII.
2124 776 2660 877 MOSELLA.

1642 992 1705 1058 1.
1767 994 2290 1060 SYMMACHVS
2335 992 2733 1061 AVSONIO.

735 1167 909 1233 Petis
955 1189 995 1231 a
1041 1186 1143 1231 me
1188 1166 1435 1232 litteras
1481 1165 1829 1249 longiores.
1926 1172 2024 1231 est
2067 1166 2187 1232 hoc
2227 1166 2298 1231 in
2342 1186 2459 1233 nos
2502 1167 2636 1233 veri
2682 1167 2917 1232 amoris
2959 1166 3293 1232 indicium.
3376 1165 3492 1232 sed
3538 1186 3661 1250 ego
3709 1166 3818 1248 qui
3840 1186 4028 1244 symm.
4061 1187 4225 1249 Epist.

565 1270 685 1334 sim
732 1269 1098 1354 paupertini
1144 1269 1388 1353 ingenii
1435 1268 1561 1333 mei
1608 1269 1922 1350 conscius,
1976 1269 2336 1334 Laconicae
2381 1271 2553 1334 malo
2601 1269 2859 1335 studere
2907 1269 3205 1335 brevitati
3242 1290 3433 1353 quam
3464 1269 3821 1353 multiiugis

562 1372 820 1458 paginis
867 1373 1178 1438 infantiae
1222 1392 1406 1438 meae
1435 1372 1706 1438 maciem
1739 1373 2089 1456 publicare.
2156 1393 2279 1438 nec
2308 1374 2559 1455 mirum,
2616 1372 2673 1438 si
2704 1374 2941 1457 eloquii
2972 1374 3169 1438 nostri
3199 1393 3368 1438 vena
3396 1378 3662 1438 tenuata
3693 1380 3812 1454 est,

564 1498 755 1560 quam
803 1477 1043 1542 dudum
1091 1496 1299 1560 neque
1345 1476 1541 1541 ullius
1586 1476 1903 1560 poematis
1947 1477 2043 1540 tui
2085 1497 2296 1561 neque
2343 1477 2737 1561 pedestrium
2790 1477 3183 1543 voluminum
3246 1477 3515 1543 lectione
3571 1477 3811 1543 iuvisti.

563 1580 733 1646 unde
777 1580 975 1663 igitur
1020 1580 1332 1645 sermonis
1379 1579 1505 1645 mei
1550 1579 1797 1663 largam
1843 1580 2059 1664 poscis
2104 1600 2400 1663 usuram,
2453 1580 2562 1664 qui
2605 1580 2768 1645 nihil
2816 1580 3078 1645 litterati
3123 1581 3401 1647 faenoris
3448 1581 3823 1647 credidisti?

564 1684 788 1749 volitat
829 1691 977 1749 tuus
1022 1683 1295 1749 Mosella
1340 1703 1458 1767 per
1501 1702 1728 1747 manus
1775 1682 2080 1765 sinusque
2126 1685 2473 1750 multorum
2521 1683 2760 1748 divinis
2818 1704 2859 1747 a
2909 1690 2973 1749 te
3032 1684 3325 1750 versibus
3384 1692 3815 1767 consecratuS,

566 1786 681 1851 sed
727 1793 973 1852 tantum
1020 1793 1237 1852 nostra
1283 1806 1394 1851 ora
1432 1785 1853 1869 praelabitur.
1935 1806 2050 1851 cur
2080 1807 2183 1852 me
2215 1786 2405 1852 istius
2436 1787 2661 1867 libelli,
2716 1806 2979 1869 quaeso,
3035 1793 3317 1852 exortem
3350 1807 3495 1853 esse
3525 1788 3823 1853 voluisti?

565 1896 676 1954 aut
720 1887 1119 1976 ἀμουσότερος
1165 1889 1281 1955 tibi
1326 1889 1615 1971 videbar,
1668 1888 1774 1971 qui
1820 1889 2108 1954 iudicare
2153 1910 2285 1954 non
2331 1909 2609 1975 possem,
2665 1896 2779 1954 aut
2808 1897 2977 1955 certe
3008 1889 3356 1972 malignus,
3407 1892 3517 1973 qui
3553 1889 3821 1955 laudare

564 1994 898 2058 nescirem.
994 1994 1214 2075 itaque
1261 1993 1365 2057 vel
1410 1991 1671 2074 ingenio
1716 2012 1858 2057 meo
1904 1992 2249 2077 plurimum
2295 1993 2400 2058 vel
2448 1993 2730 2058 moribus
2778 1993 3123 2076 derogasti.
3220 2000 3285 2058 et
3328 2001 3543 2059 tamen
3604 2000 3823 2059 contra

562 2097 972 2163 interdictum
1032 2103 1207 2162 tuum
1271 2095 1379 2161 vix
1441 2096 1527 2160 ad
1584 2095 1764 2160 illius
1827 2097 2038 2180 operis
2094 2116 2332 2161 arcana
2394 2097 2683 2181 perveni.
2776 2096 2972 2161 velim
3028 2104 3245 2162 tacere
3300 2096 3458 2180 quid
3515 2097 3813 2179 sentiam,

562 2201 756 2266 velim
802 2202 971 2266 iusto
1018 2200 1099 2265 de
1144 2207 1208 2264 te
1255 2198 1512 2265 silentio
1556 2198 1900 2263 vindicari:
1958 2199 2075 2264 sed
2119 2199 2458 2264 admiratio
2504 2200 2880 2285 scriptorum
2927 2219 3185 2265 sensum
3234 2200 3475 2285 frangit
3519 2200 3813 2266 iniuriae.

561 2305 709 2369 novi
753 2325 876 2386 ego
919 2304 1114 2369 istum
1158 2302 1446 2383 fluvium,
1499 2323 1643 2367 cum
1689 2309 2091 2368 aeternorum
2137 2303 2495 2387 principum
2524 2303 2656 2367 iam
2688 2303 2937 2387 pridem
2970 2302 3160 2385 signa
3190 2304 3546 2384 comitarer,
3598 2324 3819 2388 parem

564 2407 801 2488 multis,
853 2407 1162 2491 imparem
1210 2402 1529 2471 maximis
1611 2406 1781 2470 hunc
1825 2413 1894 2471 tu
1943 2406 2101 2471 mihi
2146 2406 2469 2490 inproviso
2516 2406 2832 2472 clarorum
2877 2426 3178 2472 versuum
3210 2406 3524 2490 dignitate
3557 2407 3821 2491 Aegyp-

561 2510 648 2575 tio
678 2510 929 2575 Melone
960 2510 1285 2591 maiorem,
1324 2508 1719 2592 frigidiorem
1754 2508 2054 2593 Scythico
2086 2509 2293 2573 Tanai
2327 2510 2787 2592 clarioremque
2820 2510 2939 2575 hoc
2971 2517 3187 2574 nostro
3219 2510 3512 2593 populari
3550 2509 3809 2592 [Tiberi]

561 2612 920 2678 reddidisti.
1018 2633 1419 2695 nequa-quam
1464 2613 1581 2677 tibi
1627 2611 1948 2678 crederem
2002 2614 2082 2678 de
2129 2613 2439 2678 Mosellae
2485 2619 2624 2677 ortu
2670 2633 2747 2677 ac
2791 2619 3007 2677 meatu
3054 2632 3291 2696 magna
3334 2612 3642 2694 narranti,
3694 2612 3820 2677 nisi

563 2723 730 2781 certo
762 2716 1014 2793 scirem,
1061 2718 1231 2799 quod
1262 2737 1381 2782 nec
1409 2716 1475 2781 in
1508 2724 1803 2801 poemate
1836 2716 2185 2781 mentiaris.
2265 2717 2438 2781 unde
2468 2717 2585 2781 illa
2615 2716 3004 2781 amnicorum
3036 2717 3307 2801 piscium
3341 2716 3643 2782 examina
3673 2736 3820 2801 rep-

563 2820 782 2904 peristi
828 2841 1018 2903 quam
1063 2820 1430 2885 nominibus
1476 2820 1657 2885 varia
1702 2826 1830 2884 tam
1881 2820 2220 2901 coloribus,
2273 2827 2345 2885 ut
2387 2820 2829 2902 magnitudine
2878 2819 3187 2885 distantia
3224 2819 3318 2885 sic
3348 2839 3598 2903 sapore,
3653 2840 3819 2903 quae

560 2929 627 2988 tu
672 2924 1018 3008 pigmentis
1061 2923 1248 2988 istius
1295 2922 1596 2988 carminis
1644 2943 1842 3006 supra
1884 2929 2156 2988 naturae
2204 2923 2373 2987 dona
2419 2923 2700 2989 fucasti?
2774 2923 2952 3005 atqui
3009 2924 3077 2987 in
3132 2923 3261 2988 tuis
3321 2923 3560 2988 mensis
3621 2942 3819 3008 saepe

562 3033 854 3091 versatus
899 3046 1043 3091 cum
1089 3027 1401 3110 pleraque
1448 3026 1599 3106 alia,
1653 3046 1818 3109 quae
1864 3032 2016 3090 tunc
2058 3026 2126 3089 in
2170 3027 2490 3110 praetorio
2537 3032 2721 3092 erant
2765 3026 2904 3090 esui
2953 3026 3228 3107 obiecta,
3282 3026 3579 3105 mirarer,
3633 3046 3819 3091 num-

563 3149 751 3210 quam
797 3129 917 3193 hoc
961 3148 1167 3212 genus
1212 3129 1484 3213 piscium
1532 3127 1948 3213 deprehendi.
2044 3128 2301 3211 quando
2347 3130 2465 3195 tibi
2509 3130 2577 3194 hi
2620 3130 2833 3214 pisces
2878 3128 2942 3193 in
2990 3128 3151 3193 libro
3197 3129 3329 3194 nati
3377 3136 3544 3210 sunt,
3597 3129 3707 3210 qui
3752 3129 3818 3193 in

564 3233 822 3298 ferculis
881 3255 1007 3299 non
1066 3235 1368 3299 suerunt?
1454 3234 1649 3299 iocari
1689 3227 1811 3300 ‘me
1867 3240 2061 3319 putas
2118 3239 2311 3317 atque
2367 3254 2562 3316 agere
2622 3253 2832 3317 nugas
2848 3239 2877 3296 ¹?
2964 3233 3054 3297 ita
3113 3232 3203 3297 dii
3259 3253 3360 3299 me
3417 3232 3816 3318 probabilem

733 3513 922 3561 xvlll.
967 3509 1025 3562 1.
1100 3511 1153 3560 Γ
1169 3532 1234 3555 =
1262 3513 1381 3561 liber
1406 3512 1639 3573 Giphanii
1663 3528 1693 3560 a
1721 3512 1950 3573 Scioppio
1973 3517 2397 3575 commemoratus,
2446 3510 2523 3574 (P,
2557 3533 2619 3555 =
2648 3512 2866 3575 scioppii
2888 3512 3056 3572 editio,
3084 3513 3170 3561 uba·
3193 3513 3435 3574 discrepat
3461 3512 3521 3560 ab
3545 3513 3704 3561 altera
3730 3513 3815 3558 Iu-

566 3603 671 3661 reli,
714 3601 759 3646 Ρ
780 3620 843 3642 =
869 3601 1187 3662 florileyium,
1232 3613 1323 3661 quo
1349 3602 1669 3649 continentur
1691 3605 1913 3660 excerpta
1940 3614 1997 3648 ea:
2023 3599 2305 3660 Symmachi
2328 3600 2571 3660 epistulis,
2612 3599 2679 3647 11
2698 3619 2762 3642 =
2787 3599 2891 3647 cod.
2922 3601 3241 3647 Divionensr‘a
3265 3600 3320 3647 S.
3350 3599 3563 3658 Beniqm·
3591 3613 3621 3644 a
3650 3600 3816 3645 Iureto

560 3690 983 3747 commemoratus,
1017 3686 1113 3748 (11)
1143 3705 1205 3726 =
1227 3688 1365 3745 prior
1391 3686 1544 3732 Iun-eti
1566 3684 1731 3745 editio,
1783 3683 1853 3732 V2
1873 3705 1934 3728 =
1968 3686 2238 3733 Vaticanus
2264 3685 2429 3735 Palat.
2464 3687 2595 3732 1576
2621 3700 2747 3734 saec.
2778 3687 2870 3744 XI,
2917 3683 2965 3733 Φ
2989 3704 3052 3727 =
3079 3684 3183 3735 cod.
3218 3684 3476 3732 Fuldensis
3499 3684 3561 3731 ab
3586 3684 3816 3744 Scioppio

559 3785 803 3820 exeussus.
844 3799 914 3807 -—
950 3772 1055 3820 cod.
1107 3770 1491 3820 vindobonensis
1526 3773 1617 3821 lat.
1657 3773 1759 3820 358
1804 3773 1919 3832 (114
1960 3771 2041 3833 Ε.)
2083 3786 2207 3822 saec.
2246 3771 2381 3832 XVI,
2425 3785 2517 3833 quo
2551 3770 2596 3831 s.
2639 3769 2731 3819 45⁰
2767 3774 3084 3820 continentur
3117 3770 3233 3819 haee
3267 3773 3478 3831 epistula
3515 3775 3561 3818 et
3588 3767 3807 3828 Mosella,

558 3857 826 3918 descriptus
850 3863 921 3906 eat
943 3871 1000 3904 ex
1025 3857 1234 3906 editione
1265 3858 1471 3918 Uyoleti.
1536 3862 1788 3919 conspirat
1825 3858 1940 3906 haee
1975 3859 2125 3907 editio
2160 3871 2273 3906 cum
2298 3856 2348 3918 λ,
2389 3861 2529 3906 cuius
2554 3861 2826 3918 scripturis,
2868 3858 2954 3906 ubi
2976 3857 3257 3919 discrepant
3281 3859 3342 3905 ab
3373 3858 3564 3917 Uyolcti
3586 3857 3809 3914 lectione,

558 3947 616 3992 iis
639 3945 775 4005 locis,
808 3945 983 4005 quibus
1015 3945 1205 4004 Uyoleli
1231 3947 1504 4019 scripturae
1532 3958 1634 3994 non
1657 3950 1774 3993 sunt
1798 3945 1974 3993 diserte
1999 3949 2423 4005 commemoratae,
2454 3948 2740 3994 asteriscum
2765 3944 2936 3994 adieci.
2999 3946 3186 4006 Incipit
3209 3943 3421 4007 epistola
3444 3942 3715 4004 symmachi
3751 3943 3811 3989 ad

556 4067 819 4113 ausonium
852 4063 895 4112 G
923 4068 996 4126 (in
1020 4079 1114 4126 quo
1140 4021 1423 4133 ᾳᾙιέἕξέΐιῐέι)
1455 4065 1516 4129 B,
1553 4065 1832 4114 Simmacue
1858 4068 2082 4114 Ausonio
2109 4067 2336 4115 Salutem
2363 4064 2411 4126 λ,
2444 4065 2770 4125 Symmachus
2796 4067 3020 4115 Ausonio
3051 4066 3170 4128 (Π),
3205 4079 3267 4112 ·s·
3296 4066 3503 4113 ausonio
3528 4066 3585 4127 Ρ,
3616 4077 3711 4113 om.
3753 4060 3815 4109 V2

561 4150 580 4198 1
622 4151 870 4211 longiores
909 4152 1102 4198 litteras
1139 4151 1184 4197 Ρ
1412 4153 1466 4199 in
1502 4153 1660 4199 nostri
1705 4153 1877 4212 (nostri
1915 4155 1968 4200 in
2001 4167 2103 4201 ras.
2146 4153 2202 4212 Β)
2248 4154 2428 4200 amoris
2471 4151 2592 4202 ΘΒ).
2640 4179 2643 4182 >
2835 4154 2922 4213 qui
2961 4154 3055 4199 sim
3099 4151 3219 4211 ΘΠ,
3261 4153 3352 4212 qui
3389 4165 3499 4200 aum
3535 4149 3610 4199 Βλ
3646 4151 3806 4209 υοιςο,

555 4238 666 4297 quis
692 4239 746 4284 in
785 4234 872 4298 V2,
903 4239 1044 4297 quasi
1074 4235 1164 4284 ΓΡ
1345 4235 1375 4284 2
1414 4238 1511 4285 mei
1539 4238 1729 4297 ingenii
1755 4239 1912 4299 volqo,
1947 4240 2048 4285 mei
2073 4252 2168 4286 om.
2202 4239 2268 4285 Π
2434 4240 2631 4286 laconie
2656 4237 2717 4287 λἱιί
2893 4239 3041 4287 mallo
3073 4239 3115 4286 G
3288 4239 3571 4297 multiiugis
3598 4234 3640 4281 G
3676 4237 3728 4296 (s.
3758 4251 3806 4285 v.

552 4317 767 4371 {multis
795 4323 985 4384 nugis),
1015 4323 1303 4402 multiuagis
1329 4323 1374 4369 Β
1549 4323 1578 4370 3
1599 4326 1790 4428 ἒᾱζςίης
1823 4324 1865 4370 G
2028 4325 2209 4373 infacie
2235 4321 2301 4373 λ*
2462 4337 2602 4372 meae
2626 4338 2721 4380 om,
2750 4325 2895 4383 volyo
3054 4339 3145 4373 nec
3174 4304 3219 4373 rii
3247 4322 3275 4372 λ
3435 4318 3617 4387 nostri]
3640 4323 3739 4370 mei
3766 4321 3811 4367 Β

555 4442 584 4490 4
621 4456 787 4504 neque
819 4442 948 4504 (ante
973 4440 1172 4508 ullius)]
1207 4457 1301 4491 nec
1323 4442 1354 4493 λ
1564 4445 1864 4506 potestrium
1905 4442 1934 4493 λ
1971 4444 2081 4504 (ede
2103 4441 2193 4501 m2)
2409 4446 2599 4492 iuuasti
2636 4445 2681 4492 Ρ
2881 4445 2912 4493 5
2950 4446 3087 4493 unde
3116 4481 3128 4494 .
3160 4481 3172 4494 .
3207 4482 3220 4495 .
3248 4444 3503 4492 credidisti
3539 4456 3632 4491 om.
3664 4440 3740 4490 Βλ

554 4531 749 4589 longam
786 4531 930 4590 volyo
1139 4526 1251 4594 qui]
1292 4533 1376 4578 cui
1410 4530 1452 4577 G
1663 4530 1690 4577 7
1731 4545 1814 4578 ora
1850 4537 2015 4578 nostra
2045 4532 2087 4577 Ρ
2289 4533 2678 4592 praeterlabitur
2709 4529 2837 4592 (ΓΦ)
3053 4546 3133 4578 me
3170 4544 3354 4592 quaeso
3390 4532 3541 4578 istius
3577 4529 3734 4576 libelli
3770 4528 3814 4574 Ρ

556 4615 586 4663 8
622 4630 820 4663 amusos
864 4614 974 4662 1¹2?
1001 4619 1151 4674 volyo
1385 4617 1653 4664 diiudicare
1700 4614 1908 4678 vum)
1949 4618 2089 4676 volyo
2323 4619 2504 4680 possim
2549 4618 2591 4664 G
2834 4618 2865 4666 9
2902 4621 3078 4680 utique
3114 4618 3234 4666 Suae
3469 4617 3553 4663 uel
3586 4617 3811 4665 moribus

554 4704 826 4764 plurimum
869 4704 912 4748 Ρ
1137 4699 1212 4768 et]
1252 4704 1329 4762 egi
1378 4701 1460 4764 V2,
1504 4717 1594 4762 ego
1642 4702 1926 4752 Wouweren
1959 4705 2106 4764 volyo
2346 4705 2406 4753 10
2444 4700 2553 4769 vix]
2589 4719 2703 4752 mox
2740 4705 2884 4764 volvo
3107 4706 3318 4753 archana
3352 4700 3462 4753 Ba*
3680 4704 3810 4748 reti-

554 4802 662 4836 cere
698 4790 843 4847 volqo
1051 4791 1181 4851 quod
1219 4787 1344 4838 ΒλΡ
1556 4788 1609 4837 11
1656 4790 1716 4837 de
1753 4794 1804 4836 te
1840 4791 1975 4837 iusto
2010 4792 2154 4850 volyo
2364 4792 2646 4839 ammiratio
2672 4792 2716 4839 Β
2924 4792 3119 4852 franget
3154 4790 3216 4840 λ*
3429 4788 3489 4837 12
3528 4783 3639 4852 ego]
3676 4788 3811 4835 enim

552 4874 695 4934 eolyo
893 4877 1202 4938 principium
1240 4872 1384 4925 2⁴⁴V2
1580 4878 1721 4936 signa
1759 4877 2035 4936 ianpridem
2075 4874 2134 4930 G,
2178 4877 2474 4937 iampridem
2515 4878 2660 4935 signa
2696 4883 2787 4927 cet.
2989 4878 3244 4928 comitarer
3280 4876 3325 4923 Β
3365 4876 3562 4936 (comita
3597 4877 3650 4921 in
3683 4875 3805 4933 ras.)

558 4960 617 5008 13
654 4975 790 5009 nunc
815 4959 844 5010 λ
870 4964 1010 5021 volyo
1153 4969 1207 5009 tn
1236 4962 1357 5010 mibi
1383 4975 1477 5011 om.
1506 4963 1647 5021 volyo
1786 4964 2056 5026 improuiso
2083 4959 2179 5021 Ba,
2210 4963 2486 5024 improuisa
2519 4963 2560 5008 V
2703 4963 2761 5011 14
2787 4965 2888 5010 nilo
2917 4960 3094 5011 ΘΒλΓ
3089 4963 3146 5022 Ρ,
3176 4962 3371 5010 melone
3407 4957 3555 5023 γῖΦς
3584 4958 3656 5019 cs.
3681 4961 3804 5006 Aua.

552 5050 692 5106 epist.
716 5047 836 5094 1111
861 5050 925 5096 75
1117 5049 1419 5108 frigidiorem
1442 5053 1552 5109 post
1578 5049 1732 5096 Tanai
1759 5047 1823 5096 Π
2008 5048 2201 5107 scythio
2231 5048 2337 5110 ΘΒ,
2367 5051 2552 5107 scytico
2587 5046 2677 5109 V2,
2707 5051 2880 5098 scitico
2903 5047 2969 5098 λ*
3152 5049 3323 5097 thanai
3348 5044 3410 5096 λ*
3584 5046 3674 5094 uio
3699 5044 3743 5091 Β

553 5131 630 5193 pli
665 5133 726 5193 B,
776 5134 955 5196 populi
994 5131 1042 5193 λ,
1096 5135 1252 5196 Popu.
1296 5135 1380 5186 Ro.
1433 5135 1547 5194 Ua„
1596 5136 1831 5196 pupulari
1874 5132 2000 5196 (m)
2286 5137 2433 5183 tiberi
2475 5133 2572 5194 Ga,
2625 5137 2787 5194 tyberi
2824 5136 2885 5196 B,
2939 5136 3111 5184 fucino
3146 5140 3234 5183 cet.
3276 5136 3437 5195 volae,
3479 5132 3574 5182 del.
3618 5133 3811 5180 Iuratus

559 5219 618 5268 15
652 5222 865 5269 reddisti
899 5222 941 5268 G
1132 5223 1362 5271 mosollae
1394 5221 1452 5282 0,
1496 5221 1736 5269 musellae
1768 5219 1839 5282 (Γ
1831 5220 1920 5283 Φ),
1961 5222 2194 5269 moselleo
2223 5222 2315 5282 (Π)
2512 5219 2712 5287 magna]
2751 5221 2912 5269 multa
2943 5223 2984 5268 Ρ
3169 5222 3222 5269 ni
3255 5219 3391 5280 (382,
3435 5221 3536 5268 nisi
3561 5223 3694 5268 certo
3717 5222 3803 5270 cet.

560 5306 619 5356 16
654 5310 923 5356 amicorum
954 5309 996 5354 G
1027 5309 1346 5368 (amnicorum
1374 5324 1413 5357 ε.
1443 5308 1512 5368 υ.)
1555 5304 1637 5369 1⁷2,
1680 5310 1983 5356 amnicorum
2010 5306 2146 5366 Bw>
2162 5309 2216 5366 Ρ,
2260 5322 2433 5356 amnes
2472 5306 2520 5369 λ,
2562 5310 2723 5356 amnis
2755 5309 2846 5367 Uy.
3027 5309 3223 5369 agmina
3258 5308 3302 5354 Β
3474 5307 3709 5368 reperisti
3734 5303 3811 5353 Βλ

561 5392 618 5441 17
658 5409 757 5456 qua
795 5393 823 5443 λ
1021 5396 1265 5443 uariatam
1303 5393 1346 5439 G
1391 5395 1431 5454 (t
1456 5398 1510 5442 in
1533 5394 1678 5456 raa),
1723 5396 1912 5442 uariata
1939 5392 2014 5443 Βλ
2030 5391 2146 5440 V‘2F
2335 5395 2545 5442 distanti
2578 5395 2620 5441 G
2812 5408 2985 5456 sapere
3021 5390 3087 5443 λ*
3283 5391 3345 5441 18
3382 5399 3438 5440 tu
3476 5405 3570 5439 om.
3600 5393 3742 5450 volyo

552 5477 722 5545 istius]
759 5480 911 5528 huius
937 5481 981 5526 B
1157 5482 1331 5542 atquin
1364 5480 1485 5530 0132.
1680 5480 1738 5530 19
1775 5483 1966 5542 praetio
1994 5478 2056 5541 G,
2098 5479 2207 5542 sscio
2231 5481 2296 5538 B,
2340 5482 2506 5541 precio
2542 5480 2589 5543 λ,
2632 5482 2874 5543 praetorio
2908 5477 3166 5542 V2HF(I')
3343 5480 3479 5528 essui
3517 5481 3743 5527 subiecta
3767 5476 3809 5524 G

554 5564 619 5614 20
653 5563 769 5631 hoc]
804 5568 941 5615 istud
986 5568 1029 5613 Ρ
1255 5567 1471 5628 dependi
1510 5568 1552 5614 G
1785 5563 2008 5632 quando]
2046 5580 2144 5628 quo
2180 5567 2324 5614 modo
2362 5566 2535 5613 Hau-tel
2769 5567 2864 5613 tibi
2896 5571 3006 5626 post
3043 5567 3170 5614 libro
3204 5566 3347 5625 volyo
3588 5564 3659 5611 hii
3695 5563 3741 5610 B

553 5654 660 5700 nati
696 5658 818 5701 aunt
852 5654 905 5700 in
941 5653 1067 5700 libro
1105 5653 1150 5699 Ρ
1370 5652 1428 5702 21
1473 5649 1598 5718 non]
1635 5667 1728 5702 nec
1765 5652 1796 5703 λ
2023 5654 2173 5700 locari
2212 5649 2274 5701 λ*
2500 5657 2655 5714 putes
2694 5651 2768 5702 Βλ
3004 5665 3082 5699 me
3121 5651 3244 5699 deus
3284 5649 3347 5714 G,
3388 5652 3461 5698 dii
3498 5664 3577 5698 me
3626 5646 3709 5709 172,
3750 5647 3809 5695 ds

555 5757 632 5790 me
670 5743 714 5789 Β
921 5741 1017 5788 dns
1051 5740 1352 5801 probabilem
1391 5756 1418 5802 o
1460 5755 1544 5788 me
1576 5738 1622 5800 λ,
1665 5740 1736 5786 dii
1775 5741 2036 5788 amabilem
2074 5754 2152 5787 me
2190 5739 2234 5785 Ρ
2270 5739 2383 5799 (om.
2426 5739 2770 5800 probabilem),
2814 5752 2892 5786 me
2929 5738 3030 5786 diis
3066 5739 3371 5799 probabilem
3409 5738 3554 5796 volyo

707 5844 944 5884 Avsoau-s,
3333 5840 3353 5889 1
3369 5839 3389 5888 l

3858 1257 3881 1302 1
3924 1254 3980 1304 14
4029 1255 4093 1315 (8)
4140 1258 4189 1306 S.

3864 1323 4017 1385 (om)
