4630 6435
1519 437 1981 494 EGLOGARVM
2023 439 2247 492 LIBER
2285 439 2389 502 (V).
2468 437 2841 492 PRECATIO
2880 438 2948 499 (V
2957 438 3019 492 11.
3826 438 3897 497 17

1313 751 1583 815 squama
1628 732 1746 797 sub
1793 731 2079 798 aetherio
2125 738 2469 816 conspectu
2512 738 2678 796 torta
2722 729 3035 795 Draconis

1316 834 1576 900 eminet.
1671 834 1841 900 1111116
1887 834 2059 899 infra
2104 834 2431 917 fulgentes
2475 835 2716 900 Arcera
2759 840 3006 917 septem

1317 959 1557 1021 magna
1600 939 1807 1022 quatit
1852 939 2112 1018 stellas,
2165 958 2358 1022 quam
2403 957 2673 1004 servans
2717 955 2902 1002 serus
2946 938 3010 1001 in
3057 936 3192 1000 alta

1148 1061 1209 1101 πο
1319 1042 1610 1107 conditur
1654 1042 1879 1107 oceani
1924 1042 2066 1126 ripa
2111 1062 2255 1106 611111
2299 1042 2447 1107 11166
2492 1043 2748 1106 Bootes.

1326 1194 2784 1211 οοοοοοοοοοοοοοοοοοοοο

703 1421 809 1486 18.
859 1422 1000 1485 HIC
1049 1419 1374 1484 VERSVS
1424 1420 1623 1482 SINE
1669 1419 2067 1484 AVCTORE
2117 1419 2299 1483 EST.
2381 1419 2550 1497 QVO
2599 1418 2747 1482 DIE
2792 1418 2999 1496 QVID
3046 1419 3260 1481 DEMI
3312 1419 3422 1480 DE
3470 1415 3861 1481 CORPORE

2039 1522 2517 1587 OPORTEAT.

1322 1695 1585 1778 Vngues
1631 1694 1973 1774 Mercurio,
2027 1694 2294 1759 barbam
2346 1696 2535 1775 Iove,
2590 1694 2871 1779 Cypride
2917 1694 3146 1758 crines.
3807 1710 3905 1840 ῗῖεζ

1668 1965 1775 2031 19.
1830 1967 2002 2033 HOC
2049 1968 2182 2033 SIC
2230 1968 2892 2033 REFELLENDVM.
3653 1952 3670 1986 ⁴

1325 2140 1674 2205 Mercurius
1719 2139 1904 2204 furtis
1950 2141 2177 2224 probat
2224 2160 2475 2223 ungues
2520 2160 2777 2225 semper
2821 2145 3044 2204 acutos
3807 2157 3905 2204 374

1496 2243 1914 2324 articulisque
1961 2243 2165 2308 aciem
2211 2265 2338 2308 non
2386 2243 2538 2308 sinit
2581 2243 2896 2309 imminui.
3814 2244 3904 2303 (V)

1323 2346 1526 2411 barba
1568 2346 1734 2426 lovi,
1790 2346 1982 2410 crinis
2030 2347 2262 2411 Veneri
2309 2346 2526 2412 decor:
2584 2367 2738 2429 ergo
2783 2366 3048 2412 necesse
3094 2354 3222 2424 est,

1500 2457 1568 2513 ut
1610 2450 1814 2513 nolint
1858 2450 2061 2529 demi,
2114 2470 2239 2532 quo
2287 2451 2414 2516 sibi
2463 2458 2726 2532 uterque
2770 2450 3049 2535 placent.

1326 2552 1582 2617 Mavors
1627 2552 1950 2618 imberbos
1997 2561 2060 2618 et
2105 2553 2324 2618 calvos
2371 2555 2554 2618 Luna
2598 2553 2945 2618 adamasti:

1499 2676 1623 2719 non
1670 2656 2010 2740 prohibent
2054 2656 2219 2721 comi
2265 2664 2399 2722 tum
2447 2664 2642 2740 caput
2685 2664 2877 2737 atque
2924 2676 3152 2738 genas.

1329 2760 1435 2822 Sol
1485 2765 1549 2822 et
1594 2759 1908 2825 Saturnus
1953 2759 2041 2824 nil
2089 2761 2345 2825 obstant
2389 2761 2734 2844 unguibus.
2829 2780 2984 2842 ergo

1501 2882 1624 2925 non
1672 2863 1978 2946 placitum
2023 2862 2192 2927 divis
2238 2864 2393 2928 tolle
2439 2864 2949 2929 monostichium.

771 3340 912 3436 VI.
980 3338 1510 3436 PRECATIO
1575 3337 2144 3465 <AVSoN11>
2209 3339 2736 3437 CONSVLIS
2800 3338 3386 3437 DESIGNATI
3452 3337 3820 3435 PRIDIE

1437 3492 1686 3589 KAL.
1757 3492 1978 3589 IAN.
2048 3494 2579 3591 FASCIBVS
2647 3493 3141 3592 SVMPTIS.

1333 3707 1516 3787 Iane,
1570 3706 1745 3771 veni:
1800 3726 2005 3772 novus
2049 3728 2254 3785 anne,
2308 3708 2491 3773 veni:
2547 3715 2850 3773 renovate
2897 3708 3078 3787 veni,
3130 3708 3270 3777 Sol.
3407 3726 3505 3775 :3:³2
3552 3727 3725 3784 (mayn.
3774 3726 3915 3781 vin}

1331 3809 1614 3874 consulis
1658 3810 1928 3874 Ausonii
1972 3811 2223 3875 Latiam
2270 3811 2483 3876 visure
2530 3812 2839 3876 curulem.
3825 3812 3917 3871 (V)

1333 3912 1563 3993 ecquid
1608 3914 1691 3977 ab
1735 3914 2029 3996 Augusta
2074 3936 2240 3980 1111116
2287 3915 2627 3980 maiestate
2673 3915 3023 3980 secundum

1334 4015 1504 4097 quod
1547 4016 1797 4080 mireris
1842 4015 2088 4082 habes?
2176 4019 2382 4082 Roma
2425 4018 2542 4083 illa
2588 4019 2941 4101 domusque
2987 4018 3234 4096 Quirini

1203 4142 1228 4177 ε»
1334 4124 1400 4183 et
1439 4126 1592 4200 toga
1637 4119 1935 4202 purpurei
1982 4120 2254 4185 rutilans
2300 4128 2639 4205 praetexta
2683 4121 2891 4186 senati

1334 4219 1455 4285 hoc
1499 4221 1709 4305 capite
1756 4222 2037 4286 aeternis
2083 4223 2299 4306 signat
2345 4243 2464 4289 sua
2509 4230 2798 4309 tempora
2842 4224 3053 4288 fastis.

1335 4344 1535 4403 anne,
1587 4324 1773 4389 bonis
1819 4332 2043 4409 coepte
2089 4326 2429 4411 auspiciis,
2485 4327 2571 4391 da
2615 4348 2764 4391 vere
2811 4327 3050 4392 salubri

1336 4427 1589 4509 apricas
1634 4434 1967 4493 ventorum
2015 4429 2291 4509 animas,
2349 4430 2436 4494 da
2480 4429 2738 4495 roscida
2783 4431 3029 4505 Cancro

843 4708 928 4758 vl.
1005 4708 1035 4754 8
1078 4708 1224 4765 Verg.
1267 4709 1442 4765 Georg.
1489 4707 1508 4753 1
1553 4705 1647 4753 100
1686 4706 1855 4753 umida
1891 4708 2110 4755 solstitia
2145 4714 2295 4770 atque
2335 4710 2523 4757 hiemes
2560 4716 2694 4757 orate
2731 4724 2948 4769 36161166,
2992 4710 3232 4767 agricolae

847 4968 944 5025 Qui
993 4971 1225 5013 secuntur
1272 4981 1352 5013 vv.
1399 4965 1599 5012 17—90
1642 4964 1982 5024 fraymentum
2027 4971 2145 5013 sunt
2193 4970 2430 5014 carminis
2472 4968 2610 5015 nullo
2647 4968 2848 5014 ve'neulo
2884 4982 2996 5013 cum
3037 4966 3095 5023 Q.
3144 4968 3388 5014 s'e’eerom‘s
3424 4966 3639 5013 versibus
3674 4966 3925 5012 conium-ti

682 5051 738 5099 17
776 5058 975 5100 aeterno
1025 5052 1079 5112 V,
1118 5057 1276 5099 arctoo
1313 5052 1469 5111 Scol„
1511 5050 1733 5099 aetherio
1769 5052 2006 5098 Heinsius
2242 5051 2300 5100 18
2340 5053 2469 5099 111161
2516 5054 2570 5111 Υ,
2610 5055 2742 5101 infra
2781 5054 3040 5101 Buecheler
3262 5053 3538 5112 fulgentem
3576 5051 3741 5098 sidera
3779 5052 3911 5100 Saul.

676 5140 813 5197 vocyo
1030 5137 1090 5185 19
1127 5138 1296 5185 stellis
1344 5138 1395 5198 V,
1439 5137 1616 5185 stellas
1662 5137 1838 5184 Pantei-
2048 5138 2113 5185 20
2151 5138 2378 5185 vonditor
2417 5175 2429 5187 .
2464 5174 2475 5185 .
2509 5175 2522 5188 .
2563 5142 2699 5202 rlpas
2740 5177 2751 5188 .
2785 5176 2799 5189 .
2834 5178 2844 5189 .
2888 5142 3046 5187 bootIs
3092 5140 3131 5186 V
3161 5154 3283 5187 corr.
3336 5138 3513 5187 Fontei·

846 5219 947 5274 18.
1018 5225 1228 5286 cripride
1275 5225 1315 5271 V
1347 5225 1485 5286 (corr.
1528 5221 1614 5286 m2)

849 5306 947 5361 19.
1024 5308 1040 5357 l
1099 5312 1221 5359 furti
1269 5312 1321 5368 V,
1382 5312 1530 5359 furtis
1575 5310 1708 5371 Tou,
1768 5312 1901 5358 furto
1948 5311 2024 5359 ed.
2069 5312 2402 5361 hamsonmna
2438 5329 2485 5363 11.
2534 5316 2666 5362 1699
2702 5316 2845 5373 116196
3124 5313 3155 5361 4
3195 5314 3385 5360 nollent
3431 5313 3484 5367 V,
3546 5311 3706 5359 nolint
3748 5310 3857 5357 Tou

679 5398 835 5458 placet
873 5396 1035 5456 Luyd.
1076 5398 1222 5456 66196
1456 5396 1486 5443 5
1524 5410 1719 5443 mauors
1767 5398 1805 5441 V
1842 5397 2001 5456 (auors
2035 5394 2109 5443 m2
2144 5400 2199 5444 in
2233 5402 2354 5461 ras.)
2564 5401 2816 5448 imberuos
2866 5399 2915 5460 V,
2960 5401 3210 5447 imberbes
3246 5396 3320 5447 m2
3356 5401 3492 5459 volvo
3723 5397 3755 5443 6
3792 5397 3925 5456 proi-

677 5482 794 5529 bent
838 5483 878 5528 V
1115 5483 1243 5529 corni
1292 5483 1330 5529 V
1366 5482 1408 5539 (ὃ
1444 5479 1530 5542 1112)
1779 5483 1939 5544 adque
1984 5484 2022 5528 V
2265 5483 2292 5530 7
2334 5485 2459 5532 nihil
2501 5485 2631 5533 Seal.
2675 5488 2817 5545 volyo
3044 5486 3261 5543 nngibns
3309 5486 3346 5529 V
3585 5488 3616 5531 8
3656 5484 3928 5531 monosthi·

677 5569 806 5614 cium
857 5568 895 5612 V
927 5582 1049 5617 corr.
1092 5568 1252 5627 Luyd.

853 5654 938 5699 vl.
1017 5655 1232 5701 Precatio
1271 5656 1502 5715 (Ausonii
1529 5654 1648 5703 add.
1691 5655 1818 5717 Vin.)
1858 5656 2070 5703 consolis
2095 5657 2345 5717 ‹leslgnati
2374 5658 2513 5718 pride
2554 5658 2689 5715 (corr.
2725 5657 2904 5719 Licyd.)
2945 5641 2976 5703 I(
3001 5659 3045 5703 ii
3074 5658 3291 5704 fascibus
3317 5660 3497 5705 sunnis
3535 5659 3569 5702 V
3777 5658 3806 5701 3
3846 5665 3924 5704 et-

681 5738 799 5798 quid
848 5739 887 5784 V
921 5753 1043 5786 6611.
1085 5741 1218 5787 Scal.
1435 5755 1546 5795 nun
1586 5741 1635 5797 V,
1682 5755 1815 5788 nunc
1853 5742 1984 5789 Scal.
2199 5744 2230 5789 6
2269 5741 2452 5807 capite]
2491 5746 2631 5805 apice
2674 5745 2906 5790 Ilee'nu'us
3117 5743 3143 5789 7
3183 5752 3328 5804 cepte
3378 5744 3415 5790 V

835 5838 1079 5879 Avsomvs.
3483 5848 3512 5894 3
