4630 6435
829 410 954 477 226
1422 408 1730 468 AVSONII
1766 406 2325 465 EPIGRAMMATA
2369 406 2651 473 (cxlln).
2726 405 3200 464 FRAGMENTA
3239 407 3484 473 (1—111).

1981 702 2251 769 CXIIII.
2302 702 2397 767 IN
2442 701 2913 769 NOTARIVM.

1127 862 1330 943 Puer,
1382 867 1671 925 notarum
1717 866 2092 943 praepetum
2629 860 2866 925 vellem
2913 858 3201 925 dedisset
3244 878 3427 925 mens
3471 879 3651 941 mea,
3988 879 4083 929 146

1128 965 1357 1030 sollers
1402 963 1724 1045 minister,
1776 961 2033 1027 advola.
2461 980 2522 1022 20
2628 984 2821 1046 quam
2868 962 3191 1047 praepetis
3236 962 3503 1029 dextrae
3548 962 3706 1045 fuga
4007 965 4083 1028 (ω)

1126 1067 1425 1153 bipatens
1468 1067 1752 1152 pugillar
1795 1063 2058 1150 expedi,
2630 1072 2700 1131 tu
2748 1087 2846 1132 me
2893 1066 3257 1149 loquentem
3303 1065 3667 1151 praevenis.

1129 1170 1231 1236 cui
1275 1170 1479 1236 multa
1521 1169 1702 1235 fandi
1746 1169 1930 1254 copia
2631 1169 2807 1253 quis,
2863 1189 3140 1252 quaes0,
3192 1169 3336 1251 quis
3382 1189 3484 1234 me
3529 1168 3852 1253 prodidit?

997 1297 1022 1335 5
1129 1274 1380 1359 punctis
1425 1280 1685 1358 peracta
1730 1270 2008 1356 singulis
2631 1273 2775 1356 quis
2820 1272 2946 1338 ista
2988 1272 3115 1337 iam
3162 1271 3325 1337 dixit
3369 1272 3525 1355 tibi,

1129 1385 1198 1442 ut
1242 1398 1371 1442 una
1416 1397 1540 1443 vox
1585 1375 1960 1442 absolvitur.
2631 1396 2796 1459 quae
2843 1375 3204 1459 cogitabam
3251 1374 3512 1441 dicere?

1129 1482 1355 1546 evolvo
1401 1480 1599 1546 libros
1644 1479 1876 1544 uberes
2463 1497 2525 1539 25
2633 1499 2799 1560 quae
2844 1479 3017 1544 furta
3061 1478 3251 1545 corde
3296 1479 3363 1543 in
3408 1478 3631 1544 intimo

1125 1584 1456 1669 instarque
1502 1583 1742 1649 densae
1788 1580 2120 1666 grandinis
2632 1589 2891 1649 exercet
2935 1582 3073 1647 ales
3119 1581 3433 1648 dextera?

1125 1694 1405 1754 torrente
1449 1687 1675 1770 lingua
1717 1692 2074 1771 perstrepo.
2632 1686 2775 1769 quis
2823 1684 2978 1751 ordo
3024 1704 3233 1750 rerum
3279 1691 3410 1750 tam
3457 1705 3695 1767 novus,

966 1811 1022 1852 ιο
1127 1791 1246 1857 tibi
1290 1811 1410 1857 nec
1453 1810 1643 1857 aures
1687 1790 2023 1873 ambigunt
2631 1788 2853 1855 veniat
2892 1787 2963 1854 in
3005 1807 3193 1854 aures
3239 1795 3309 1854 ut
3351 1796 3531 1872 tuas,

1128 1914 1248 1960 nec
1291 1900 1636 1979 occupatur
1679 1893 1921 1976 pagina
2631 1892 2802 1976 quod
2847 1890 3073 1975 lingua
3118 1890 3397 1957 nondum
3443 1892 3837 1958 absolverit?

1130 2005 1196 2064 et
1237 2003 1410 2062 mota
1453 2016 1646 2081 parce
1693 1996 1961 2061 dextera
2463 2017 2524 2058 πο
2633 1995 2922 2061 doctrina
2964 2015 3092 2061 non
3135 1994 3258 2060 hoc
3299 1995 3623 2080 praestitit

1129 2101 1304 2166 volat
1345 2119 1460 2184 per
1503 2118 1745 2183 aequor
1788 2118 2062 2163 cereum.
2630 2119 2750 2164 nec
2793 2098 2932 2164 ulla
2973 2105 3103 2164 tam
3150 2098 3340 2164 velox
3384 2118 3612 2163 manus

1130 2223 1272 2270 cum
1318 2202 1595 2269 maxime
1637 2223 1808 2268 nunc
1852 2201 2194 2287 proloquor
2632 2200 3016 2286 celeripedis
3062 2200 3459 2286 compendii:

965 2329 1026 2371 15
1129 2305 1685 2391 circumloquentis
1728 2304 2006 2389 ambitu,
2632 2313 2864 2371 natura
2907 2324 3138 2370 munus
3183 2304 3304 2371 hoc
3348 2304 3464 2370 tibi

1127 2419 1197 2477 tu
1242 2430 1437 2477 sensa
1479 2410 1681 2475 nostri
1724 2408 1998 2493 pectoris
2633 2409 2921 2493 deusque
2967 2408 3203 2474 donum
3247 2406 3540 2492 tradidit,

1128 2516 1238 2581 vix
1283 2515 1458 2581 dicta
1500 2514 1628 2579 iam
1676 2511 1838 2577 ceris
1881 2518 2088 2578 tenes.
2466 2536 2527 2576 35
2633 2533 2799 2597 quae
2844 2512 3141 2596 loquerer
3182 2519 3254 2577 ut
3299 2512 3496 2578 scires
3541 2513 3718 2597 prius

1130 2618 1365 2684 sentire
1409 2624 1541 2683 tam
1588 2616 1778 2682 velox
1821 2614 1979 2680 mihi
2634 2617 2932 2698 idemque
2979 2616 3183 2681 velles
3229 2615 3400 2698 quod
3446 2617 3612 2682 v010.

2101 3055 2803 3158 FRAGMENTA.

2427 3290 2481 3356 Ι.

2032 3426 2237 3493 redite
2282 3447 2535 3494 sursum
2583 3425 2871 3493 flumina.

2421 3637 2508 3701 Π.

1895 3771 2284 3857 investigato
2333 3773 2499 3841 ferre
2547 3773 2729 3841 dolos
2775 3774 3005 3860 lepori.

2397 3979 2518 4046 ΙΙΙ.

1577 4138 1744 4202 quae
1789 4123 2009 4184 tantae
2051 4123 2318 4184 tenuere
2362 4139 2580 4184 morae
2626 4139 2880 4185 rumore
2926 4120 3044 4185 sub
3091 4119 3329 4200 †omni.

1002 4400 1216 4450 CXIIII.
1295 4397 1359 4447 29
1396 4396 1544 4446 Mart.
1584 4396 1739 4445 XIIII
1781 4395 1881 4447 208
1919 4401 2123 4446 currant
2158 4399 2308 4447 verba
2343 4397 2482 4461 licet,
2523 4413 2705 4448 manus
2740 4405 2818 4448 est
2854 4400 3068 4449 velocior
3102 4400 3234 4450 illis:
3278 4400 3502 4449 nondum
3539 4402 3717 4462 lingua
3752 4416 3922 4464 suum,
3962 4404 4088 4452 dex-

829 4496 904 4538 tre
939 4489 1140 4552 peregit
1175 4501 1330 4549 opus3
1373 4482 1443 4544 cf.
1485 4485 1729 4533 Prudent.
1774 4484 2057 4547 peristeph.
2100 4485 2248 4532 VIIII
2286 4484 2351 4533 23
2376 4499 2453 4547 sq.

1006 4746 1216 4795 CXIIII.
1292 4748 1351 4794 In
1380 4747 1627 4794 notarium
1656 4744 1725 4808 M,
1768 4744 1846 4792 Ad
1871 4746 2121 4793 notarium
2145 4746 2198 4792 in
2223 4746 2485 4794 scribendo
2508 4747 2877 4796 uelocissimum
2912 4746 2955 4792 Τ
2976 4742 3080 4808 (m2)
3102 4745 3169 4806 E.
3203 4747 3279 4794 De
3303 4747 3496 4795 noterio
3519 4747 3570 4796 in
3597 4747 3858 4797 scribendo
3882 4749 4089 4797 uelocit-

833 4837 960 4884 simo
996 4849 1049 4898 χ,
1092 4833 1173 4881 Ad
1209 4834 1460 4882 notarium
1497 4832 1811 4882 velocissime
1847 4833 2187 4894 excipientem
2226 4831 2392 4892 Luyd.
2442 4834 2584 4894 volvo
2796 4832 2820 4882 1
2860 4833 3109 4881 noterIum
3148 4846 3212 4895 ω,
3254 4834 3482 4881 notarum
3521 4833 3568 4880 Ε
3768 4840 4088 4898 praeceptum

838 4921 1009 4985 (pree.)
1049 4934 1113 4982 ω,
1153 4925 1451 4982 praepetum
1500 4914 1647 4968 Vm.³
1876 4918 1908 4967 2
1945 4919 2099 4967 solers
2140 4917 2249 4983 Μχ,
2289 4920 2456 4968 solens
2499 4920 2541 4966 Τ
2771 4919 2803 4970 3
2838 4920 3037 4982 pugiier
3077 4919 3119 4966 Τ
3347 4919 3377 4967 5
3413 4921 3633 4983 proiecta
3673 4920 3715 4967 Τ
3938 4921 3966 4970 ’1
4002 4935 4089 4982 ego

835 5009 983 5057 noluo
1021 5024 1084 5069 ω,
1125 5008 1299 5056 evolvo
1342 5002 1487 5056 Veri.⁴
1772 5004 1832 5054 10
1883 5006 2077 5067 tibique
2117 5019 2183 5068 ω,
2221 5007 2318 5054 tibi
2362 5003 2508 5056 Vm.³
2789 5005 2851 5055 12
2898 5019 2990 5068 per
3025 5011 3078 5054 te
3120 5005 3162 5052 T
3246 5025 3249 5026 ⁷
3444 5005 3506 5056 16
3556 5013 3612 5055 tu
3653 5007 3694 5053 Τ
3734 5006 3788 5069 (ε.
3828 5024 3879 5058 v.
3916 5005 4081 5068 minio)

842 5093 898 5142 17
938 5095 1021 5143 uel
1063 5094 1125 5157 Τ,
1162 5094 1246 5141 uis
1284 5091 1357 5156 M,
1397 5093 1490 5140 ulx
1525 5108 1578 5157 χ,
1621 5097 1682 5140 ut
1723 5090 1830 5138 Tou
1865 5091 2011 5151 υοῑρο
2229 5093 2409 5140 iaceris
2450 5092 2492 5139 Τ
2711 5091 2776 5141 25
2814 5094 2869 5140 in
2906 5107 3004 5141 om.
3051 5092 3093 5139 Τ
3295 5091 3361 5141 26
3398 5106 3576 5142 exerce
3613 5094 3740 5143 tales
3780 5093 3848 5157 M,
3890 5105 4089 5143 exerces

836 5180 963 5229 tales
1005 5179 1065 5242 Τ,
1105 5184 1308 5228 exercet
1343 5181 1446 5228 ales
1482 5194 1521 5243 χ
1727 5176 1792 5226 27
1829 5192 1997 5226 rerum
2035 5177 2151 5226 ordo
2189 5176 2248 5224 M
2453 5178 2519 5228 30
2554 5177 2678 5228 haee
2720 5178 2761 5224 Τ
2795 5180 2937 5238 volvo

874 5328 877 5332 .
1008 5267 1051 5314 Ι.
1125 5265 1347 5326 scriptor
1381 5265 1440 5312 dc
1475 5264 1636 5313 dubiis
1670 5263 1952 5313 nominibus
1990 5261 2077 5313 Gr.
2119 5265 2209 5313 lat.
2259 5265 2302 5312 V
2333 5268 2452 5328 579,
2495 5267 2528 5314 3
2565 5265 2631 5315 K.
2713 5264 2956 5313 ‘Flumen
2993 5265 3193 5325 generis
3230 5266 3416 5327 neutri,
3457 5270 3518 5313 ut
3541 5266 3798 5315 Ausonius
3841 5266 4088 5330 (auronius

840 5350 912 5412 M)
959 5351 1150 5399 ‘redite
1194 5352 1371 5414 (redit'
1400 5351 1473 5415 M)
1514 5366 1714 5400 rursum
1757 5349 1921 5413 (MVL
1956 5364 2080 5399 corr.
2125 5350 2318 5413 Pciper)
2358 5348 2590 5401 flumina'

1013 5437 1082 5486 11.
1157 5437 1274 5486 ibid.
1298 5439 1418 5497 582,
1445 5439 1507 5485 27
1529 5439 1697 5499 Lepus
1718 5438 1917 5498 generis
1941 5437 2223 5498 masculini,
2251 5443 2310 5486 ut
2329 5438 2589 5487 Ausonius
2619 5438 3020 5497 ‘Inuestigatum
3049 5439 3166 5486 ferri
3190 5439 3335 5487 dolus
3368 5436 3533 5498 (MvL
3551 5452 3676 5488 corr.
3701 5438 3894 5500 Haupt)
3915 5434 4089 5500 lepori’

1012 5522 1109 5571 111.
1159 5521 1276 5571 ibid.
1307 5525 1424 5583 589,
1453 5526 1486 5569 6
1513 5524 1698 5571 Rumor
1720 5524 1922 5585 generis
1947 5524 2235 5585 masculini,
2274 5529 2335 5572 ut
2358 5525 2615 5573 Ausonius
2646 5523 2802 5586 ‘quae
2827 5529 2998 5573 tantae
3022 5529 3232 5574 tenuere
3258 5539 3424 5574 morae
3449 5539 3646 5574 rumore
3670 5525 3766 5573 sub
3792 5523 3952 5572 omni’
3981 5522 4091 5586 (que

836 5614 979 5658 tante
1002 5614 1055 5656 te
1077 5609 1172 5657 sub
1197 5610 1331 5656 omni
1362 5607 1460 5671 M);
1488 5607 1794 5658 desideratur
1819 5608 2058 5659 eiusmodi
2082 5608 2397 5674 adiectimam,
2431 5624 2526 5672 quo
2555 5609 2569 5636 ‘
2584 5609 2804 5660 rumore'
2828 5613 3017 5671 pencris
3034 5613 3301 5661 masculini
3322 5625 3421 5660 csse
3437 5616 3781 5672 coquerentur,
3809 5613 3965 5659 veluti
3988 5614 4089 5657 atro
