4630 6435
421 830 444 867 5

393 1345 443 1383 10

391 1859 445 1898 15

396 3198 449 3238 10

398 3715 454 3754 15

1616 408 2075 464 GRATIARVM
2113 408 2344 465 ACTIO
2387 410 2588 472 (VIII).
3652 415 3733 473 23

482 600 821 683 Gratiaue,
875 599 1204 679 desidem,
1273 605 1344 664 ut
1387 606 1452 664 et
1496 618 1610 664 sex
1655 598 1800 663 Val.
1851 599 2111 663 Corvini
2155 606 2221 664 et
2267 606 2515 682 septem
2560 598 2633 663 C.
2686 598 2868 663 Marii
2915 605 2980 664 et
3024 599 3417 683 cognominis
3460 600 3554 664 tui
3598 601 3735 664 Au-

477 706 646 789 gusti
695 703 1003 770 tredecim
1050 701 1422 768 consulatus
1467 722 1632 766 unus
1677 702 2080 785 aequipares,
2156 706 2262 766 26.
2314 702 2536 786 plures
2580 699 2696 766 tibi
2743 709 2954 786 potest
2998 710 3181 768 aetas
3225 710 3337 768 tua
3383 709 3446 767 et
3478 703 3733 769 fortuna

479 815 838 894 praestare,
906 826 1128 872 verum
1190 825 1313 887 ego
1357 805 1423 868 in
1469 824 1732 870 numero
1779 804 2064 889 parcior,
2132 805 2285 886 quia
2339 812 2407 870 tu
2451 804 2519 868 in
2564 825 2828 870 munere
2872 804 3238 871 liberalior:
3302 804 3516 889 ipsum
3562 806 3730 870 enim

476 918 539 977 te
584 910 844 996 saepius
890 910 1011 975 hoc
1056 910 1294 974 honore
1341 908 1711 989 defraudaS,
1761 915 1834 973 ut
1878 914 1943 973 et
1986 908 2134 972 aliis
2182 905 2504 991 largiaris.
2600 912 2704 973 27.
2758 908 2884 974 scis
2929 910 3136 990 enim,
3188 909 3535 993 imperator
3579 908 3733 974 doc-

476 1014 716 1080 tissime
773 1018 1043 1095 (rursum
1091 1012 1261 1079 enim
1307 1019 1451 1076 utar
1495 1010 1687 1075 laude
1733 1010 2034 1095 privata),
2103 1010 2264 1091 scis,
2332 1010 2630 1093 inquam,
2697 1018 2944 1096 septem
2989 1032 3067 1078 ac
3113 1013 3335 1078 decem
3384 1013 3732 1078 Domitiani

479 1119 880 1197 consulatus,
949 1136 1107 1199 quos
1152 1116 1265 1181 ille
1309 1114 1558 1179 invidia
1604 1115 1768 1180 alios
1815 1114 2209 1199 provehendi
2256 1114 2686 1180 continuando
2734 1115 3089 1197 conseruit,
3160 1116 3253 1182 ita
3296 1116 3362 1181 in
3410 1117 3550 1182 eius
3594 1116 3737 1181 avi-

480 1220 675 1286 ditate
721 1219 1003 1302 derisOS,
1074 1227 1142 1285 ut
1185 1219 1349 1284 haec
1406 1238 1553 1283 eum
1612 1218 1854 1302 pagina
1909 1216 2216 1283 fastorum
2278 1237 2572 1299 suorum,
2636 1219 2829 1283 immo
2889 1218 3295 1283 fastidiorum
3355 1219 3579 1286 fecerit
3636 1220 3738 1285 in-

480 1323 786 1388 solentem
831 1342 952 1388 uec
996 1320 1275 1406 potuerit
1317 1327 1647 1404 praestare
1694 1319 1971 1385 felicem.
2049 1323 2152 1383 28.
2205 1320 2380 1402 quod
2424 1320 2478 1385 si
2526 1320 2799 1404 principi
2845 1320 3100 1387 honoris
3145 1322 3334 1387 istius
3380 1329 3739 1408 temperata

480 1432 543 1491 et
584 1446 751 1508 quae
795 1433 1062 1491 vocatur
1105 1445 1305 1490 aurea
1363 1422 1554 1488 debet
1614 1443 1760 1489 esse
1820 1422 2265 1505 mediocritas,
2334 1423 2492 1505 quid
2549 1423 2784 1506 privati
2847 1431 3049 1490 status
3109 1425 3513 1505 hominibus,
3580 1425 3734 1508 quid

480 1527 906 1610 aequanimis,
977 1527 1132 1610 quid
1177 1526 1306 1592 iam
1354 1526 1619 1592 senibus
1665 1546 1824 1608 erga
1867 1546 1938 1592 se
1985 1533 2231 1611 oportet
2292 1546 2437 1592 esse
2496 1527 3005 1593 moderaminis?
3092 1532 3199 1592 29.
3266 1549 3387 1612 ego
3445 1529 3729 1612 quidem,

480 1631 646 1715 quod
689 1632 775 1697 ad
820 1632 1093 1697 honores
1138 1650 1315 1695 meos
1360 1630 1673 1715 pertinet,
1744 1636 1809 1695 et
1852 1637 2002 1695 vota
2060 1629 2370 1694 saturavi.
2464 1637 2533 1694 tu
2594 1638 2843 1710 tamen,
2919 1632 3267 1715 imperator
3326 1632 3599 1717 optime,
3669 1637 3736 1696 tu

480 1735 789 1819 piissime,
842 1740 932 1815 tu,
986 1753 1176 1815 quem
1222 1753 1349 1798 non
1395 1733 1629 1816 fatigat
1674 1732 2050 1815 liberalitas,
2104 1733 2229 1798 nisi
2275 1734 2533 1816 quando
2565 1734 2863 1815 cessavit,
2917 1742 3007 1815 tu,
3059 1734 3340 1818 inquam,
3394 1734 3741 1817 indulgen-

479 1837 725 1903 tissime
773 1837 1118 1917 Gratiane,
1181 1844 1251 1903 ut
1293 1837 1378 1902 ad
1423 1835 1958 1902 benefaciendum
2021 1837 2229 1902 subito
2289 1856 2360 1902 es
2420 1837 2771 1922 necopinus
2831 1837 3125 1921 ingeni0‚
3190 1838 3403 1904 adhuc
3461 1838 3733 1921 aliquid,

479 1940 647 2024 quod
691 1940 813 2005 hoc
856 1939 1112 2005 nomine
1158 1939 1316 2004 mihi
1361 1947 1739 2025 praestetur,
1794 1940 2108 2006 invenies.
2207 1940 2300 2006 sic
2346 1941 2725 2006 intellexere
2772 1961 3010 2021 omnes,
3084 1941 3177 2006 sic
3220 1941 3409 2007 nobis
3453 1941 3739 2007 ordinem

480 2044 619 2128 ipse
665 2043 917 2123 fecisti,
970 2044 1064 2109 sic
1109 2043 1356 2109 amicus
1400 2043 1521 2108 deo
1569 2062 1676 2125 es,
1728 2049 1800 2108 ut
1843 2065 1884 2108 a
1928 2051 1991 2109 te
2036 2044 2166 2107 iam
2212 2043 2623 2127 impetratum
2671 2044 2781 2125 sit,
2851 2045 3022 2125 quod
3068 2051 3350 2128 optatur,
3419 2065 3461 2108 a
3506 2064 3631 2127 quo
3678 2051 3741 2109 et

481 2146 647 2229 quod
689 2131 973 2212 nondum
1018 2154 1315 2231 optamus
1360 2144 1801 2231 adipiscimur.

652 2251 798 2314 V11.
851 2252 958 2313 30.
1007 2251 1089 2314 Et
1147 2269 1397 2315 rursum
1458 2250 1694 2332 aliquis
1753 2249 1991 2316 adiciet
2048 2259 2161 2316 aut
2218 2269 2511 2317 sermone
2563 2251 2770 2329 ,libere
2830 2257 2943 2316 aut
3000 2251 3385 2333 cogitatione
3445 2251 3734 2317 liberius.

490 2354 728 2418 ‘nonne
761 2352 914 2416 olim
946 2359 1012 2417 et
1041 2352 1217 2436 apud
1246 2359 1499 2419 veteres
1532 2353 1718 2418 multi
1751 2353 2042 2419 eiusdem
2074 2353 2247 2420 modi
2278 2354 2571 2419 doctores
2602 2353 2904 2419 fuerunt?
2941 2374 3024 2419 an
3056 2361 3125 2419 tu
3157 2356 3331 2419 solus
3364 2361 3742 2439 praeceptor

481 2454 757 2537 Augusti
774 2455 832 2517 ‘f’
892 2455 1086 2520 immo
1132 2475 1253 2538 ego
1301 2475 1445 2521 cum
1490 2457 1713 2521 multis
1760 2457 2139 2522 coniunctus
2184 2456 2394 2522 officio
2416 2509 2430 2538 ,
2492 2456 2607 2522 sed
2653 2478 2796 2522 cum
2842 2457 3253 2541 paucissimis
3299 2465 3582 2523 secretus
3628 2478 3743 2522 ex-

484 2559 714 2642 emplo.
811 2560 916 2621 31.
981 2558 1126 2623 nolo
1172 2558 1577 2623 Constantini
1622 2566 1977 2643 temporum
2024 2567 2246 2625 taxare
2293 2561 2614 2644 collegas:
2684 2560 3001 2625 Caesares
3053 2559 3479 2626 docebantur:
3549 2578 3744 2645 supe-

485 2662 648 2726 riora
693 2661 1083 2744 contingam.
1177 2660 1361 2726 dives
1408 2661 1657 2726 Seneca
1701 2681 1822 2727 nec
1867 2669 2082 2727 tamen
2128 2663 2349 2727 consul
2403 2670 2709 2746 arguetur
2751 2663 2987 2728 rectius
3032 2684 3223 2746 quam
3270 2664 3743 2748 praedicabitur

483 2783 605 2828 non
665 2763 957 2829 erudisse
1017 2763 1294 2829 indolem
1353 2764 1661 2845 Neronis,
1731 2764 1848 2830 sed
1909 2784 2198 2831 armasse
2258 2765 2620 2831 saevitiam.
2715 2765 3151 2844 Quintilianus
3208 2765 3573 2833 consularia
3630 2780 3744 2851 per

485 2868 880 2932 Clementem
947 2873 1321 2933 ornamenta
1389 2866 1650 2932 sortitus
1712 2868 2201 2934 honestamenta
2261 2868 2537 2933 nominis
2606 2870 2820 2953 potius
2884 2870 3143 2935 videtur
3208 2892 3398 2955 quam
3460 2870 3744 2953 insignia

482 2969 818 3054 potestatis
880 2970 1210 3037 habuisse.
1305 2990 1429 3053 quo
1495 2971 1684 3035 modo
1741 2970 2036 3036 Titianus
2093 2972 2434 3054 magister,
2510 2971 2628 3037 sed
2685 2972 3006 3055 gloriosus
3062 2974 3210 3053 ille,
3285 2973 3743 3059 municipalem

487 3072 769 3138 scholam
815 3072 989 3159 apud
1034 3073 1472 3139 Visontionem
1519 3074 2033 3157 Lugdunumque
2092 3075 2401 3140 variando
2462 3095 2588 3140 non
2645 3081 2859 3141 aetate
2919 3076 3252 3159 equidem,
3320 3076 3437 3142 sed
3495 3077 3744 3142 vilitate

487 3175 848 3242 consenuit!
952 3180 1056 3242 32.
1108 3176 1301 3243 unica
1332 3175 1489 3242 mihi
1530 3179 1632 3260 [et]
1672 3176 2124 3263 amplectenda
2154 3183 2255 3243 est
2283 3177 2624 3244 Frontonis
2653 3177 2947 3259 imitatio,
3000 3198 3188 3262 quem
3220 3185 3437 3244 tamen
3468 3180 3745 3264 Augusti

487 3280 864 3363 magistrum
910 3279 1003 3345 sic
1048 3281 1418 3346 consulatus
1463 3281 1733 3364 ornavit,
1789 3288 1858 3347 ut
1900 3281 2305 3366 praefectura
2334 3302 2460 3346 non
2492 3282 2798 3364 cingeret.
2866 3281 2984 3348 sed
3015 3284 3386 3349 consulatus
3416 3283 3529 3347 ille
3561 3283 3744 3349 cuius

487 3382 653 3447 modi
667 3388 697 3446 ι)
742 3383 1064 3448 ordinario
1109 3384 1439 3462 suffectus,
1492 3383 1825 3448 bimenstri
1855 3384 2064 3469 spatio
2094 3384 2532 3468 interpositus,
2585 3384 2654 3448 in
2684 3373 2871 3450 sex'ta
2901 3386 3053 3450 anni
3084 3393 3267 3470 parte
3299 3394 3735 3469 consumptus,

488 3486 925 3568 quaerendum
958 3493 1028 3551 ut
1056 3485 1386 3569 reliquerit
1415 3492 1632 3552 tantus
1664 3493 1892 3568 orator,
1945 3486 2179 3569 quibus
2211 3487 2584 3552 consulibus
2615 3487 2892 3570 gesserit
2931 3488 3353 3553 consulatum.
3439 3491 3542 3552 33.
3596 3507 3744 3553 ecce

487 3589 667 3653 aliud
734 3589 906 3672 quod
961 3589 1197 3672 aliquis
1260 3595 1573 3673 opponat:
1647 3589 1713 3653 in
1772 3589 1934 3654 tanti
1992 3609 2145 3672 ergo
2211 3596 2274 3655 te
2342 3589 2612 3654 oratoris
2679 3589 3011 3672 fastigium
3078 3590 3396 3673 gloriosus
3458 3590 3745 3655 attollis?

490 3692 589 3756 cui
629 3692 793 3757 talia
837 3692 1187 3775 requirenti
1232 3691 1634 3776 respondebo
1680 3693 1987 3758 breviter:
2042 3713 2169 3758 non
2214 3712 2336 3776 ego
2381 3713 2484 3757 me
2529 3692 2841 3758 contendo
2887 3693 3208 3774 Frontoni,
3265 3693 3381 3758 sed
3425 3693 3744 3759 Antonino

489 3795 784 3878 praefero
816 3796 1217 3861 Gratianum.
1316 3799 1419 3859 34.
1471 3796 1803 3862 celebrant
1846 3795 2145 3880 equidem
2191 3796 2540 3861 sollemnes
2584 3796 2744 3861 istos
2791 3795 2931 3860 dies
2977 3815 3199 3862 omnes
3245 3797 3480 3881 ubique
3526 3799 3738 3876 urbeS,

490 3919 652 3981 quae
700 3899 820 3963 sub
866 3899 1120 3983 legibus
1167 3905 1402 3982 agunt,
1455 3906 1520 3964 et
1564 3901 1767 3963 Roma
1812 3899 1892 3965 de
1939 3920 2114 3965 more
2160 3906 2225 3965 et
2267 3899 2856 3982 Constantinopolis
2903 3899 2984 3965 de
3043 3899 3396 3966 imitatione
3446 3901 3570 3984 (et)
3619 3901 3754 3965 An-

492 4001 731 4066 tiochia
787 4022 901 4086 pro
959 4003 1115 4067 luxu
1175 4009 1239 4068 et
1285 4002 1611 4085 Carthago
1670 4003 1985 4069 discincta
2043 4010 2109 4069 et
2168 4003 2404 4069 donum
2461 4001 2743 4067 fluminis
2806 4003 3236 4084 Alexandria,
3314 4004 3431 4070 sed
3489 4003 3753 4068 Treveri

492 4104 799 4189 principis
840 4106 1152 4172 beneficio
1199 4112 1263 4172 et
1307 4126 1453 4171 mox
1500 4127 1642 4171 cum
1687 4107 1829 4191 ipso
1874 4113 2131 4173 auctore
2176 4105 2497 4172 beneficii.
2576 4107 2720 4172 loca
2761 4107 2929 4172 inter
2973 4127 3044 4173 se
3089 4107 3348 4189 distant,
3406 4113 3556 4171 vota
3600 4127 3754 4172 con-

675 4365 706 4413 8
744 4366 872 4415 Plin.
917 4381 1035 4427 pan.
1079 4365 1145 4414 58
1182 4369 1436 4415 continuis
1474 4369 1818 4416 consulatibus
2031 4367 2086 4416 11
2130 4368 2248 4416 Hor.
2291 4367 2455 4415 Carm.
2500 4368 2547 4414 11
2591 4366 2669 4426 10,
2714 4369 2743 4416 5
2782 4382 2983 4416 auream
3021 4406 3033 4419 .
3070 4406 3080 4415 .
3112 4404 3124 4418 .
3170 4367 3562 4415 mediocritatem

667 4452 784 4500 VII.
831 4451 892 4500 18
930 4454 1082 4513 Verg.
1126 4455 1255 4504 Aen.
1301 4455 1422 4501 an
1465 4453 1563 4502 724
1600 4455 1870 4502 discinctos
1909 4493 1920 4502 .
1959 4492 1968 4502 .
2005 4493 2014 4503 .
2058 4455 2206 4502 Afros
2278 4456 2374 4503 Sil.
2416 4456 2463 4501 11
2501 4454 2567 4503 56
2606 4455 2839 4502 discincti
2880 4456 3065 4513 Libyes

507 4577 768 4613 --ff-re„
865 4593 1086 4597 -n2-
1123 4594 1172 4598 β
1225 4595 1318 4598 a.

668 4677 698 4724 3
736 4679 984 4725 marciane
1029 4678 1069 4723 T
1312 4679 1508 4726 coruini
1548 4677 1631 4726 ua}
1669 4678 1726 4726 M
1955 4680 2015 4726 G.
2062 4678 2118 4725 Μ
2359 4680 2391 4727 4
2426 4680 2721 4741 aequipares
2763 4678 2817 4725 Μ
3059 4678 3150 4725 tibi
3189 4679 3361 4739 plures
3408 4677 3496 4736 Uy.
3537 4679 3684 4737 volyo
3740 4707 3745 4714 -

495 4768 627 4810 aeus
651 4768 705 4811 et
727 4765 929 4812 fortuna
953 4769 1042 4812 tua
1063 4760 1266 4829 ρχυῖιΕ
1288 4770 1332 4812 ct
1357 4761 1410 4811 12⁶²
1437 4765 1511 4827 (in
1533 4780 1634 4825 my.
1663 4765 1712 4813 a}
1736 4771 1844 4828 etas
1871 4767 1975 4826 tua)
2003 4766 2147 4826 volyo
2360 4766 2387 4813 7
2427 4762 2507 4831 ac]
2532 4772 2682 4828 atque
2710 4766 2767 4813 M
2974 4763 3005 4813 8
3042 4766 3165 4814 alios
3194 4765 3255 4825 T,
3286 4764 3466 4812 alteros
3491 4768 3580 4810 cet.
3611 4765 3752 4822 volyo

499 4847 529 4896 9
565 4864 677 4897 cum
718 4849 789 4911 M,
832 4864 950 4897 eum
988 4846 1041 4895 15²
1083 4851 1157 4911 (in
1192 4866 1289 4910 my.
1333 4850 1384 4899 a}
1421 4853 1553 4913 cum)
1803 4852 1903 4899 imo
1943 4849 1998 4897 M
2244 4850 2300 4900 11
2345 4854 2436 4912 qui
2474 4851 2604 4913 (ante
2641 4853 2843 4913 privati)
2888 4851 3005 4912 ΤΜ,
3045 4827 3165 4913 quid
3197 4866 3233 4911 p
3270 4850 3316 4908 (d
3353 4847 3461 4911 m2),
3502 4850 3623 4911 quid
3659 4855 3749 4897 eet.

502 4933 561 4982 12
598 4931 722 5000 iam]
747 4937 901 4984 etiam
932 4937 972 4982 Τ
1146 4928 1260 4996 ergb
1293 4938 1334 4983 Τ
1534 4937 1595 4986 14
1633 4938 1921 4998 utinquam
1954 4938 1994 4982 Τ
2196 4937 2257 4986 15
2296 4938 2496 4986 subdito
2526 4938 2566 4984 Τ
2753 4937 2815 4987 16
2850 4939 3103 4986 inuenies.
3148 4936 3381 4984 inuenies
3412 4932 3748 4996 TMkpvmleE,

499 5022 730 5071 inuenies
765 5025 879 5080 cet„
919 5023 1123 5070 invenis
1167 5023 1270 5070 Toll
1305 5024 1449 5082 volyo

668 5108 789 5157 vn.
834 5108 854 5156 1
899 5113 950 5155 at
987 5109 1085 5170 (vel
1121 5109 1226 5169 sed)
1272 5109 1529 5157 Acidalia-3
1564 5111 1704 5170 volqo
1921 5110 2102 5158 adiciat
2138 5110 2341 5170 Daph,
2383 5111 2571 5159 obiciet
2608 5110 2866 5158 Acidalius
3089 5109 3119 5157 2
3160 5111 3269 5157 eins
3306 5109 3437 5155 modi
3475 5105 3618 5155 muv‘2
3664 5107 3748 5167 Uy.

499 5194 639 5252 volvo
867 5192 897 5241 3
934 5196 1032 5241 imo
1071 5194 1128 5242 M
1348 5195 1380 5242 4
1416 5202 1588 5243 taxare
1623 5210 1725 5257 mu,
1768 5198 1944 5243 taxabe
1983 5203 2072 5244 eet.
2307 5197 2339 5243 6
2376 5202 2456 5244 set
2497 5197 2539 5242 T
2746 5198 3012 5243 sceniciam
3057 5196 3097 5241 T
3306 5196 3665 5257 quintillianus
3708 5193 3760 5239 Μ

501 5276 530 5326 8
566 5286 615 5326 et
647 5285 760 5339 post
797 5281 938 5327 modo
972 5281 1090 5330 aad.
1138 5281 1246 5328 Tou
1277 5283 1419 5341 volvo
1645 5284 1862 5330 ticianus
1906 5282 2001 5329 ΤΜ
2230 5282 2261 5331 9
2299 5283 2478 5329 scolam
2520 5283 2618 5329 TM
2836 5283 3072 5343 equidem
3118 5279 3381 5343 ΤΜρρῖΙιυ,
3423 5281 3625 5343 quidem
3663 5285 3754 5328 eet.

498 5367 636 5425 volae
890 5364 950 5415 10
985 5368 1116 5415 mihi
1152 5373 1204 5415 et
1239 5383 1302 5427 ω,
1345 5373 1399 5415 et
1432 5368 1530 5417 del.
1574 5367 1689 5417 Par.
1943 5367 1996 5417 ll
2041 5364 2137 5433 sic]
2175 5370 2217 5415 si
2257 5367 2312 5414 M
2553 5369 2916 5430 praefecturam
2959 5369 3001 5414 Τ
3258 5367 3319 5416 12
3359 5370 3620 5416 bimenstri
3656 5365 3753 5426 12²1,

501 5453 727 5501 bimestri
763 5457 852 5502 cel.
1069 5452 1132 5501 14
1168 5459 1218 5502 te
1255 5467 1371 5516 ergo
1416 5455 1474 5501 Τι
1682 5456 1853 5503 attolis
1892 5454 1951 5501 M
2171 5454 2232 5502 15
2271 5457 2519 5503 frontonis
2560 5470 2622 5514 ω,
2664 5457 2881 5503 frontoni
2921 5450 2973 5500 112
3015 5456 3087 5514 (ἰη
3122 5470 3221 5514 my.
3263 5452 3314 5501 al
3352 5456 3612 5514 frontonis)
3664 5454 3751 5513 Uy.

507 5537 565 5586 16
600 5540 806 5600 quidem
853 5538 940 5599 Uq.
983 5542 1126 5600 volyo
1371 5541 1600 5589 solennes
1647 5541 1701 5604 T,
1744 5543 1993 5589 solemnes
2033 5540 2088 5587 M
2352 5541 2412 5589 17
2452 5549 2502 5589 et
2540 5547 2654 5589 ante
2692 5541 2955 5590 Antiochia
2990 5553 3085 5589 om.
3131 5558 3173 5590 ω
3211 5544 3371 5602 volpe,
3414 5540 3530 5588 add.
3581 5541 3688 5587 Toll

501 5626 784 5673 anthiochia
821 5625 878 5671 M
1096 5626 1158 5676 18
1196 5632 1390 5685 cartago
1430 5627 1482 5673 M
1686 5629 1922 5675 distincta
1961 5644 2020 5688 w,
2064 5629 2309 5675 discincta
2357 5628 2506 5677 Vens*
2698 5628 2894 5676 'donum
2942 5626 3175 5688 TMpp2v,
3219 5629 3417 5675 domum
3456 5626 3508 5673 112
3546 5629 3618 5686 (in
3652 5642 3752 5685 my.

501 5709 549 5759 a}
581 5712 787 5770 donum)
827 5717 940 5764 cet„
982 5714 1159 5760 domus
1207 5711 1354 5761 Venss
1387 5715 1529 5773 υοιρο
