4630 6435
1787 459 2211 515 EPISTVLAE
2250 460 2604 525 (XII—xv).
3709 464 3827 525 173

1240 648 1370 732 sic,
1423 649 1532 732 qui
1577 649 1829 716 venalis
1874 658 2006 716 tam
2052 651 2248 735 longa
2291 657 2506 717 aetate
2552 651 2931 718 Crebennus

1072 769 1132 811 20
1411 773 1536 818 non
1582 753 1781 819 habet
1824 761 2212 839 emptorem,
2267 755 2351 821 sit
2396 755 2514 820 tibi
2559 777 2675 840 pro
2722 757 2948 842 pretio.

1240 862 1523 922 attamen
1570 864 1639 923 ut
1681 857 1870 924 citius
1916 859 2141 925 venias
2187 860 2525 941 leviusque
2570 861 2847 942 vehare,

1413 960 1780 1042 historiam,
1832 962 2097 1045 mimos,
2151 963 2438 1027 carmina
2483 963 2704 1045 linque
2751 964 2945 1029 domi.

1237 1063 1483 1147 grande
1528 1084 1688 1129 onus
1731 1064 1800 1129 in
1843 1065 2081 1130 musis:
2134 1071 2229 1132 tot
2272 1067 2541 1131 saecula
2584 1067 2841 1134 condita
2888 1069 3159 1149 chartis,

1409 1187 1575 1250 quae
1620 1186 1740 1232 sua
1783 1168 1893 1232 vix
1937 1169 2216 1234 tolerant
2259 1176 2583 1254 tempora,
2640 1180 2860 1237 nostra
2905 1180 3199 1255 gravant.

1070 1289 1132 1330 25
1238 1270 1567 1335 nobiscum
1614 1270 1907 1337 invenies
1951 1273 2143 1337 ἐπέων
2187 1274 2587 1359 πολυμορφέα
2630 1271 2897 1359 πληθύν,

1409 1380 1840 1460 γραμματικῶν
1886 1400 1949 1439 τε
1992 1372 2218 1448 πλοκὰς
2263 1375 2368 1440 καὶ
2415 1378 2914 1462 λογοδαιδαλίην,

1239 1470 1527 1542 δάκτυλον
1573 1473 1774 1564 ἡρῷον
1820 1478 1924 1542 καὶ
1972 1475 2347 1544 ἂοιδοπόλων
2393 1480 2765 1566 χορίαμβον,

1412 1576 1515 1642 σὺν
1565 1580 1793 1665 Θαλίης
1839 1577 2030 1667 κώμῳ
2076 1577 2354 1668 σόρματα
2400 1580 2812 1670 Τερψιχόρης,

1240 1682 1571 1749 σωταδικόν
1618 1709 1681 1749 τε
1726 1686 2024 1766 κίναιδον,
2083 1683 2321 1751 ἰωνικὸν
2370 1682 2834 1774 ἀμφοτέρωθεν,

1071 1808 1131 1848 30
1413 1788 1651 1873 ῥυθμῶν
1703 1787 2083 1875 Πινδαρικῶν
2131 1790 2377 1875 ἔννομον
2426 1787 2700 1877 εὐεπίην,

1239 1887 1544 1976 εἰλιπόδην
1591 1888 1885 1965 σκάζοντα
1929 1892 2033 1958 καὶ
2078 1890 2149 1958 οὐ
2196 1891 2493 1964 σκάζοντα
2537 1896 2882 1982 τρίμετρον,

1412 1992 1567 2060 ὄκτώ
1614 1996 2011 2079 Θουκυδίδου,
2065 1997 2239 2062 ἔννεα
2273 1993 2641 2085 Ἡροδότου,

1242 2101 1562 2186 ῥητορικῶν
1612 2099 1727 2185 <τι>
1778 2101 2016 2186 θέαμα,
2071 2106 2275 2187 σοφῶν
2324 2104 2608 2188 ἐρικυδέα
2656 2106 2849 2189 φῦλα,

1409 2199 1604 2268 πάντα
1652 2199 1798 2288 μάλ’
1850 2199 1983 2268 ‘600’
2039 2206 2309 2284 ἐθέλεις,
2364 2204 2467 2270 καὶ
2511 2208 2730 2288 πλέον,
2787 2203 2856 2271 αἴ
2896 2232 2964 2270 κε
3011 2194 3254 2280 θέλοις.ἶ

1071 2326 1131 2365 35
1240 2307 1360 2372 hoc
1402 2307 1519 2372 tibi
1564 2307 1645 2372 de
1691 2308 1924 2372 nostris
1970 2303 2335 2373 ἀσπαστικὸν
2383 2309 2580 2374 offero
2626 2309 2830 2374 libris.

1413 2411 1582 2477 vale.
1677 2412 1895 2477 valere
1942 2411 1996 2476 si
2040 2413 2224 2477 voles
2270 2433 2408 2494 me,
2463 2413 2592 2477 iam
2638 2414 2810 2478 veni.

1528 2773 1672 2838 XV.
1730 2772 2152 2838 AVSONIVS
2198 2774 2639 2840 TETRADIO
2688 2775 2869 2840 SAL.

1240 2945 1293 3010 Ο
1339 2946 1447 3027 qui
1495 2952 1799 3011 venustos
1845 2945 2027 3011 uberi
2071 2945 2380 3011 facundia
3728 2968 3829 3019 404

1412 3051 1585 3115 sales
1631 3050 1915 3134 opimas,
1968 3050 2266 3131 Tetradi,
3743 3056 3829 3118 (ω)

1240 3172 1591 3237 cavesque,
1646 3173 1728 3219 ne
1775 3153 1858 3219 sit
1902 3153 2102 3220 tristis
2149 3160 2215 3221 et
2258 3153 2434 3220 dulci
2480 3173 2707 3221 carens

1410 3277 1633 3322 amara
1678 3257 2113 3323 concinnatio:

1104 3380 1130 3419 5
1238 3360 1347 3444 qui
1389 3360 1545 3426 felle
1592 3381 1848 3426 carmen
1892 3368 2085 3443 atque
2132 3361 2327 3427 melle
2372 3368 2740 3447 temperans

1407 3471 1660 3549 torpere
1706 3484 1925 3529 musas
1971 3485 2096 3529 non
2143 3464 2303 3531 sinis

1235 3568 1600 3652 pariterque
1646 3568 1830 3633 fucas
1876 3587 2169 3651 quaeque
2212 3575 2407 3651 gustu
2450 3569 2693 3652 ignava
2737 3577 2888 3635 sunt

1408 3676 1471 3737 et
1513 3692 1682 3754 quae
1729 3690 1956 3756 sapore
2003 3671 2245 3736 tristia:

1233 3774 1427 3840 rudes
1473 3794 1773 3840 camenas
1820 3775 1930 3856 qui
1976 3775 2254 3840 Suessae
2301 3776 2645 3860 praevenis

1070 3896 1127 3936 ιο
1406 3898 1695 3961 aevoque
1742 3878 1961 3960 cedis,
2015 3898 2141 3943 non
2187 3878 2374 3943 stilo:

1237 4002 1349 4047 cur
1393 4003 1496 4047 me
1542 3982 1965 4066 propinquum
2013 3982 2438 4047 Santonorum
2484 3982 2821 4048 moenibus

1408 4085 1733 4164 declinas,
1791 4092 1862 4150 ut
1906 4085 2114 4150 Lucas
2157 4085 2359 4151 boves

1235 4188 1386 4253 olim
1433 4196 1760 4273 resumpto
1804 4188 2212 4273 praeferoces
2257 4188 2503 4273 proelio

1408 4291 1576 4375 fugit
1617 4293 1937 4379 iuventus.
1967 4292 2280 4356 Romula?

736 4619 849 4667 XV.
932 4618 991 4668 12
1030 4622 1098 4681 cf.
1141 4620 1295 4668 Varro
1332 4621 1367 4668 l.
1407 4620 1443 4671 1.
1485 4622 1582 4668 vn
1621 4620 1687 4669 39

737 4912 798 4961 19
834 4927 983 4974 quem
1023 4929 1065 4961 ω
1110 4914 1172 4978 (ςῖν
1210 4915 1301 4974 Τ),
1357 4915 1446 4974 qui
1494 4912 1636 4961 Ven.⁴
1914 4913 1978 4961 22
2028 4908 2207 4961 nfimos
2250 4914 2291 4960 Τ
2567 4912 2632 4961 23
2683 4913 2846 4961 honus
2899 4911 2954 4958 Μ
3227 4914 3414 4961 cai-this
3460 4915 3521 4974 Τ,
3586 4915 3734 4961 cartis
3773 4913 3829 4960 Μ

560 4997 762 5047 25-35
799 5015 892 5046 om.
944 5001 985 5045 Τ
1261 4995 1425 5049 ἐπέων
1468 5036 1479 5047 .
1513 5038 1525 5048 .
1559 5036 1570 5047 .
1613 4995 1783 5054 θέλοις
1819 5012 1914 5046 om.
1956 4997 2184 5046 klmuvv2
2474 4999 2538 5046 27
2578 5012 2780 5060 ΗΡωωΝ
2820 4996 3012 5059 ΜρρῖΕ
3045 5014 3168 5046 corr.
3221 5000 3330 5048 Vin.
3613 4995 3823 5049 λοπολω

562 5083 633 5145 Μ,
684 5081 976 5135 λοιδοπολω
1008 5086 1105 5146 ple,
1159 5082 1436 5136 λοιδοπολο
1472 5083 1549 5147 p2,
1606 5082 1909 5135 ἀοιδοπόλον
1959 5086 2066 5134 Vin.
2108 5088 2267 5147 volyo,
2329 5081 2646 5135 ἀοιδοπόλων
2683 5098 2770 5144 eyo
3049 5083 3114 5132 28
3150 5099 3317 5135 κωκω
3357 5083 3513 5148 Μρρῖ,
3577 5083 3720 5154 χόρω
3760 5086 3821 5146 Ε,

556 5186 610 5219 τε
647 5169 790 5240 χόρῳ
830 5171 963 5218 Scal.
1004 5173 1146 5231 volyo
1356 5171 1421 5220 32
1458 5175 1794 5234 okwmpvoy
1848 5164 2153 5239 (Ἡροδοτου
2186 5169 2294 5232 ρρῖ)
2348 5185 2510 5220 turrea
2546 5175 2835 5230 totkymnoy
2888 5167 3223 5232 (Θουκυδιδου
3258 5170 3366 5232 pp2'}
3425 5169 3568 5233 Mpp²
3610 5185 3733 5220 corr.
3781 5173 3825 5218 E

562 5259 625 5305 33
660 5270 967 5320 ριιτορῖκοκ
1005 5253 1160 5306 Oeam
1200 5258 1267 5318 Μ,
1312 5274 1579 5325 ρητορικον
1620 5255 1801 5325 θαημα
1832 5256 1974 5318 pp2E
2011 5258 2096 5319 (cf.
2128 5274 2176 5304 v.
2207 5260 2240 5306 l.
2276 5257 2471 5307 Theocr.
2504 5259 2532 5304 1
2556 5258 2659 5318 56),
2703 5255 2984 5326 ῥητορικῶν
3022 5274 3068 5306 τι
3106 5254 3277 5323 θέαμα
3314 5274 3418 5321 eyo,
3462 5255 3731 5327 ῥητορικόν
3770 5273 3823 5307 τε

562 5339 729 5408 θέαμα
766 5349 939 5409 σοφῶν
973 5335 1027 5392 τ’
1066 5344 1259 5403 Hartel,
1304 5341 1586 5411 ῥητορικῶν
1626 5341 1899 5410 θαυμαστά
1935 5344 2064 5392 Scal.
2109 5345 2252 5402 volyo
2533 5344 2598 5392 34
2644 5340 2811 5393 εθλοιο
2850 5342 2931 5405 Μ,
2983 5341 3180 5398 εθελοις
3215 5341 3376 5405 pp213,
3434 5341 3632 5400 ἐθέλεις
3669 5359 3755 5404 eyo

561 5425 815 5478 ιικεθελειε
857 5429 934 5490 Μ,
988 5424 1253 5496 ηκεθελεις
1296 5428 1405 5491 ρρῖ,
1462 5427 1741 5486 ἐικεθέλοις
1780 5432 1852 5492 Ε,
1900 5426 2016 5479 αἴκε
2067 5425 2239 5484 θέλοις
2277 5428 2411 5477 Scal.
2698 5431 2762 5477 35
2802 5442 3089 5479 anoton-aton
3128 5428 3439 5490 Mpp21evv2E
3452 5468 3465 5491 ‚
3518 5427 3767 5497 ἀπάγικον
3807 5431 3825 5476 ι

565 5514 890 5576 (ἀσπαστικὸν
928 5552 941 5566 .
974 5553 987 5566 .
1024 5552 1036 5564 .
1080 5518 1222 5564 libris
1260 5533 1359 5565 om.
1390 5518 1442 5577 ιι)
1485 5531 1606 5566 corr.
1642 5516 1755 5564 Par.
1970 5516 2111 5563 Finit
2148 5516 2376 5578 cpiarum
2415 5516 2545 5564 libor
2577 5517 2633 5576 Τ,
2675 5515 2815 5564 Finit
2847 5517 3177 5578 epistolarum
3204 5517 3335 5564 liber
3371 5518 3567 5577 primus
3606 5517 3820 5578 (primus

563 5602 689 5648 liber
726 5603 1053 5663 epistolarum
1088 5603 1136 5664 v)
1183 5601 1353 5649 Mmuv

732 5688 848 5738 XV.
927 5689 1141 5735 salutem
1180 5703 1274 5737 om.
1323 5685 1393 5748 Μ,
1452 5687 1680 5736 Tetradio
1718 5703 1806 5737 suo
1843 5704 1881 5738 s.
1932 5689 1996 5750 (s.
2035 5704 2088 5751 p.
2129 5690 2179 5737 d.
2219 5705 2271 5750 v,
2326 5691 2540 5737 salutem
2575 5690 2643 5750 m)
2684 5704 2804 5736 muv
3085 5689 3114 5734 3
3154 5691 3319 5737 nescit
3360 5688 3478 5750 ΤΜ,
3537 5703 3598 5736 ne
3636 5689 3706 5737 sit
3740 5689 3827 5753 χΕ

565 5772 597 5820 9
634 5788 889 5822 camoenas
933 5774 973 5821 T
1182 5772 1237 5822 11
1282 5779 1617 5822 santomorum
1659 5774 1700 5820 T
1914 5773 1973 5824 13
2011 5776 2115 5839 13110
2159 5776 2215 5839 Τ,
2257 5776 2417 5837 prelio
2456 5775 2512 5822 Μ
