4630 6435
733 466 854 525 190
1275 470 1278 473 ’
2198 465 2503 521 AvsoNll

1401 655 1551 719 avia
1597 656 2021 739 perlustra-sse
2069 675 2275 738 vagus
2321 655 2462 719 loca
2509 656 3061 739 Bellerophontes.

1403 757 1560 822 haec
1605 779 1861 842 precor,
1917 760 2082 824 hanc
2127 780 2379 839 vocem,
2441 758 2706 824 Boeotia
2751 759 3049 839 numina,
3104 760 3363 835 Musae,

1400 862 1669 945 accipite
1716 868 1780 926 et
1827 862 2027 927 Latiis
2073 871 2288 928 vatem
2337 869 2630 927 revocate
2676 862 2981 927 camenis.

873 1238 1079 1303 XXV.
1131 1239 1248 1302 AD
1295 1238 1654 1305 EVNDEM
1702 1242 1876 1306 CVM
1923 1243 2119 1307 ILLE
2166 1243 2282 1307 AD
2331 1242 2532 1307 ALIA
2576 1243 2844 1307 MAGls
2890 1242 3517 1308 RESPONDERET
3564 1242 3850 1321 NEQVE

1689 1364 1790 1427 SE
1837 1364 2304 1428 VENTVRVM
2352 1363 3022 1429 POLLICERETVR.

1405 1551 1827 1633 Discutimus,
1881 1553 2187 1632 Pauline,
2239 1552 2489 1636 iugum,
2546 1552 2719 1634 quod
2763 1559 2917 1618 nota
2960 1552 3223 1617 fovebat
3599 1572 3696 1621 417
3741 1573 3979 1633 (xxnn)

1407 1655 1779 1739 temperies,
1838 1657 1979 1721 leve
2028 1656 2196 1738 quod
2241 1656 2450 1740 positu
2497 1662 2561 1721 et
2604 1656 2944 1722 tolerabile
2989 1656 3222 1721 iunctis
3718 1658 3977 1721 (ῑῬΠβπ)

1402 1760 1719 1824 tractabat
1762 1760 2024 1843 paribus
2070 1759 2413 1824 concordia
2459 1759 2630 1825 mitis
2679 1759 2987 1825 habenis:

1405 1863 1574 1944 quod
1621 1884 1737 1947 per
1781 1870 1911 1928 tam
1959 1864 2219 1946 longam
2266 1863 2498 1928 seriem
2548 1863 2950 1928 volventibus
2994 1863 3181 1928 annis

1408 1965 1630 2029 fabula
1674 1986 1800 2030 non
1846 1987 2184 2049 umquam,
2239 1987 2582 2049 numquam
2631 1966 3027 2048 querimonia
3071 1966 3294 2045 movit,

1407 2067 1589 2132 nulla
1633 2070 1924 2151 querella
1968 2070 2108 2135 Ioco
2153 2069 2439 2153 pepulit,
2496 2090 2623 2134 non
2666 2070 2765 2134 ira
2808 2089 2927 2135 nec
2974 2089 3182 2151 error,

1409 2191 1526 2235 nec
1573 2191 1738 2252 quae
1786 2172 2133 2257 conpositis
2181 2173 2349 2237 male
2395 2174 2638 2237 suadae
2685 2172 2948 2237 credula
2993 2172 3206 2237 causis

1408 2275 1746 2340 concinnat
1791 2275 1928 2341 veri
1973 2276 2218 2341 similes
2265 2276 2546 2361 suspicio
2593 2277 2854 2360 culpas:

1406 2385 1538 2443 tam
1585 2378 1948 2462 placidum,
2000 2385 2130 2444 tam
2176 2379 2330 2444 mite
2375 2380 2626 2461 iugum,
2684 2379 2856 2462 quod
2901 2378 3152 2461 utrique
3197 2384 3498 2462 parentes

1248 2501 1302 2539 ιο
1409 2481 1496 2546 ad
1542 2481 1791 2548 senium
1837 2483 2039 2547 nostri
2083 2489 2338 2548 traxere
2383 2484 2465 2548 ab
2513 2483 2761 2566 origine
2804 2482 2976 2548 vitae

1413 2584 1888 2669 inpositumque
1934 2586 2061 2670 piis
2106 2585 2453 2652 heredibus
2500 2606 2702 2669 usque
2748 2606 3009 2651 manere

1411 2695 1748 2771 optarunt,
1804 2689 1957 2753 dum
2003 2690 2199 2772 longa
2243 2690 2384 2755 dies
2430 2690 2818 2755 dissolveret
2861 2709 3115 2754 aevum.

1412 2798 1475 2856 et
1520 2790 1786 2873 mansit,
1841 2792 1992 2857 dum
2038 2793 2210 2858 laeta
2256 2793 2420 2858 fides
2465 2813 2585 2858 nee
2630 2813 2782 2858 cura
2827 2793 3075 2858 laborat

1411 2894 1606 2960 officii
1652 2915 1909 2960 servare
1956 2896 2165 2973 vices,
2219 2903 2319 2961 set
2364 2904 2591 2980 sponte
2638 2896 2930 2961 feruntur

1250 3016 1306 3055 ¹5
1411 2998 1868 3063 incustoditum
1916 2998 2038 3064 sibi
2084 2999 2523 3065 continuantia
2566 3020 2841 3064 cursum.

1416 3101 1536 3166 hoc
1581 3109 1712 3166 tam
1759 3102 1911 3168 mite
1955 3102 2177 3185 iugum
2224 3102 2417 3167 docili
2463 3103 2711 3168 cervice
2758 3102 3045 3167 subirent

1343 3206 1347 3210 ’
1415 3203 1636 3269 Martis
1682 3204 1832 3287 equi
1878 3205 2256 3289 stabuloque
2302 3205 2423 3271 feri
2469 3205 2799 3272 Diomedis
2845 3205 3057 3272 abacti

1416 3315 1481 3374 et
1523 3308 1633 3390 qui
1677 3309 1939 3375 mutatis
1983 3309 2190 3392 ignoti
2235 3310 2406 3375 Solis
2453 3309 2723 3376 habenis

1418 3412 1796 3478 fulmineum
1844 3412 2246 3479 Phaethonta
2289 3413 2469 3478 Pado
2515 3434 2798 3479 mersere
2842 3413 3115 3496 iugales.

1249 3536 1310 3575 20
1421 3515 1829 3596 discutimus,
1885 3516 2189 3598 Pauline,
2243 3524 2485 3581 tamen:
2543 3537 2662 3582 nec
2707 3517 2896 3599 culpa
2941 3514 3206 3580 duorum

920 3829 983 3876 73
1021 3830 1170 3887 Verg.
1216 3829 1344 3877 Aen.
1387 3829 1490 3875 1111
1528 3827 1621 3877 611
1666 3830 1877 3890 accipite
1916 3831 2035 3877 haec
2071 3831 2409 3891 meritumque
2448 3829 2594 3876 malis
2631 3829 2872 3876 advertite
2909 3842 3097 3876 numen
3135 3833 3187 3875 et
3223 3834 3411 3875 nostras
3449 3828 3618 3876 audite
3656 3842 3826 3889 preces

925 3915 1090 3962 XXV.
1168 3914 1198 3962 4
1239 3915 1387 3973 Verg.
1429 3915 1558 3964 Aen.
1601 3916 1624 3962 1
1664 3915 1763 3963 234
1803 3917 2124 3964 volventibus
2161 3916 2309 3965 aunis
2525 3915 2583 3963 17
2624 3916 2772 3974 Verg.
2816 3916 2991 3974 (ieorg.
3034 3914 3111 3961 111
3146 3912 3207 3961 91
3250 3913 3425 3961 Martis
3463 3916 3581 3974 equi

928 4206 992 4254 72
1029 4209 1142 4255 auia
1178 4208 1337 4255 lustra
1373 4222 1532 4268 uagus
1574 4208 1686 4270 (om.
1716 4208 1835 4269 loca)
1884 4208 1926 4254 Τ
2134 4208 2444 4269 perlustrans
2470 4222 2680 4268 seuagus
2720 4223 2758 4256 π
2968 4208 3074 4255 loca
3100 4206 3167 4253 Π
3191 4206 3221 4263 (l
3246 4219 3303 4252 ea:
3328 4209 3367 4266 c)
3583 4187 3931 4254 bellorosoutes
3970 4206 4013 4252 V

753 4295 786 4352 (i
824 4291 938 4356 m2),
979 4295 1329 4342 bellorofontes
1367 4295 1426 4354 P,
1468 4295 1805 4342 bellerosontis
1843 4295 1998 4358 Πβπ,
2039 4295 2383 4342 bellorofontis
2420 4308 2492 4360 ρσ
2532 4295 2774 4355 (-phontis
2820 4293 2954 4354 Uy.),
3003 4293 3392 4353 bellerophontis
3435 4291 3476 4338 Τ
3755 4291 3817 4339 73
3854 4286 4010 4355 hanc]

749 4381 833 4427 hat
873 4380 916 4426 P
1143 4382 1335 4428 boeotia
1381 4381 1437 4442 V,
1476 4382 1639 4428 boetia
1677 4381 1865 4442 (boecia
1901 4385 1948 4444 β)
1992 4384 2081 4428 cet.
2320 4382 2534 4428 numina
2578 4380 2631 4440 V,
2673 4381 2875 4427 nomina
2909 4382 2998 4427 cet.
3239 4377 3302 4426 74
3340 4368 3599 4438 reuocatey‘
3640 4378 3705 4424 Π
3929 4392 4012 4423 ca·-

752 4467 942 4513 moenis
987 4466 1074 4526 Uy.
1289 4467 1426 4514 Finit
1460 4467 1703 4526 aepistola
1740 4467 1801 4514 ad
1839 4468 2105 4515 Paulinum
2155 4467 2207 4528 V,
2247 4467 2385 4514 Finit
2421 4467 2497 4523 II,
2539 4467 2662 4512 Vale
2700 4466 2825 4514 felix
2862 4466 3177 4526 optatissime
3212 4467 3262 4529 β,
3305 4464 3527 4525 Meropio
3563 4464 3774 4511 Paulino
3819 4463 3860 4509 Τ

922 4552 1089 4601 XXV.
1165 4554 1310 4612 lncpt
1344 4553 1443 4599 alia
1479 4553 1538 4600 ad
1577 4552 1754 4600 eudem
1792 4566 1908 4600 cum
1945 4588 1957 4600 .
1992 4589 2005 4601 .
2038 4589 2050 4601 .
2093 4553 2395 4614 respondere
2432 4568 2474 4601 e.
2517 4567 2562 4612 q.
2603 4568 2642 4599 s.
2696 4552 2746 4614 V,
2810 4552 2923 4598 Alia
2958 4547 3090 4612 epl’a
3125 4551 3352 4598 eiusdem
3391 4549 3452 4597 ad
3490 4550 3706 4598 eundem
3747 4547 3816 4609 P,
3876 4549 4003 4598 item

752 4639 946 4687 Ausoni
982 4641 1042 4686 ad
1081 4639 1348 4686 Paulinum
1388 4654 1444 4698 π,
1487 4651 1585 4686 om.
1625 4642 1674 4704 β,
1719 4640 1975 4686 Ausonius
2013 4638 2225 4687 Paulino
2262 4639 2315 4687 S.
2360 4637 2524 4698 Luyd.
2566 4638 2705 4698 volyo
2920 4637 2937 4685 1
2982 4627 3181 4698 pavline
3217 4636 3327 4697 V(v
3351 4631 3441 4696 m2)
3655 4637 3867 4694 *iugum
3902 4638 3938 4698 β

751 4732 865 4772 nota
911 4726 996 4772 VP
1039 4722 1201 4784 Ven.⁴‚
1243 4730 1376 4772 certa
1409 4728 1486 4789 βπ
1715 4725 1944 4772 fouebat*
1982 4728 2017 4789 β
2243 4724 2273 4772 2
2312 4725 2584 4785 temperies
2620 4736 2717 4771 om.
2758 4727 2792 4787 β
2832 4725 2906 4784 (in
2940 4737 3037 4782 my.
3080 4721 3172 4783 m1)
3395 4704 3564 4784 pyniti-'1
3609 4722 3662 4782 V,
3705 4722 3924 4782 positum
3965 4719 4014 4764 P

760 4809 923 4871 Ven.⁴,
963 4814 1121 4874 possit
1156 4816 1191 4877 β
1433 4817 1485 4858 et
1519 4825 1614 4859 om.
1657 4815 1692 4876 β
1935 4813 2219 4859 uenerabile
2266 4810 2350 4858 VP
2389 4807 2555 4870 Ven.⁴,
2595 4809 2873 4856 tollerabile
2908 4812 2943 4873 β
3184 4808 3377 4855 uinctis
3414 4821 3454 4856 π
3720 4807 3750 4854 4
3789 4805 4009 4853 redeun-

752 4899 887 4946 tibus
922 4901 1000 4962 βπ
1225 4899 1378 4945 armis
1416 4897 1462 4943 P
1691 4897 1721 4944 5
1757 4912 1850 4946 om.
1903 4896 1990 4944 VP
2031 4895 2173 4946 γεω*
2400 4897 2560 4944 mouit
2596 4912 2655 4955 π,
2696 4896 2808 4943 uisa
2844 4899 2923 4941 est
2944 4897 2979 4958 β
3018 4893 3131 4954 (del.
3171 4889 3246 4940 m2
3281 4898 3325 4940 et
3363 4895 3416 4940 in
3451 4907 3552 4952 my.
3594 4892 3713 4941 add.
3758 4893 3933 4947 mouit)

747 5004 860 5060 post
894 5016 941 5047 v.
974 5001 1004 5047 5
1042 5003 1097 5048 in
1131 5004 1195 5065 βε
1235 5006 1286 5048 at
1321 5006 1490 5048 tamen
1525 5001 1620 5048 bec
1654 5000 1733 5047 illi
1770 5001 1972 5048 sedisfl
2013 4999 2271 5048 sentencia
2307 5000 2471 5046 mouit
2510 4998 2619 5059 (del.
2657 4995 2746 5059 m2)
2956 5012 3035 5043 vv.
3079 4994 3249 5044 6—19
3286 5009 3382 5043 om.
3422 4999 3499 5060 βπ
3709 4995 3741 5042 6
3777 4965 4012 5055 q⁸⁸⁹rella

760 5087 801 5133 V
836 5087 910 5147 (ae
945 5085 1057 5147 ¹112),
1100 5088 1305 5149 querela
1342 5088 1387 5134 P
1427 5084 1572 5136 ναι*
1802 5084 1829 5132 7
1870 5100 2035 5147 neque
2076 5087 2190 5147 (om.
2235 5085 2383 5146 quae)
2423 5084 2468 5130 P
2688 5083 2977 5143 conpositus
3020 5082 3074 5142 V,
3115 5082 3400 5142 compositis
3437 5081 3482 5128 P
3527 5078 3671 5129 ναι*
3904 5094 4008 5126 ma-

749 5172 953 5220 lesuade
999 5173 1080 5220 VP
1109 5175 1268 5235 volyo,
1313 5174 1602 5221 malesuada
1637 5179 1691 5221 et
1726 5172 2084 5230 Sannazan'us,
2127 5172 2365 5219 Heinsius
2597 5168 2627 5217 8
2665 5171 2892 5216 concinat
2928 5167 2974 5214 P
3102 5173 3107 5178 ’
3202 5167 3382 5215 similis
3429 5166 3512 5214 VP
3542 5166 3685 5225 volyo
3920 5180 4009 5212 su-

750 5260 906 5320 spicia
950 5260 992 5306 V
1030 5263 1172 5320 (corr.
1210 5257 1323 5321 m2),
1365 5259 1579 5321 suspitio
1618 5259 1663 5306 P
1952 5257 1983 5306 9
2022 5258 2263 5318 placitum
2308 5257 2361 5319 V,
2404 5257 2586 5318 placite
2625 5255 2680 5317 P,
2723 5254 2975 5316 placidum
3021 5251 3167 5301 ναι*
3460 5258 3672 5313 uterque
3719 5252 3802 5299 VP
3843 5248 4005 5308 Vm.⁴,

754 5347 955 5404 utrique
993 5343 1236 5393 Graevius
1537 5359 1735 5393 manere
1780 5345 1832 5406 V,
1874 5349 2106 5406 parentes
2147 5342 2191 5390 P
2504 5342 2566 5391 10
2604 5346 2830 5390 nostrum
2870 5340 2915 5387 P
2954 5336 3098 5387 ναι*
3130 5341 3278 5399 volyo
3596 5337 3649 5385 11
3696 5340 4015 5399 impositum·

755 5445 852 5492 que
892 5431 937 5477 P
1153 5409 1419 5480 heredibus
1464 5431 1503 5479 V
1538 5433 1589 5494 (h
1625 5428 1735 5492 1222),
1776 5430 2148 5491 heredibusque
2185 5429 2230 5476 P
2271 5428 2383 5486 (om.
2426 5432 2607 5489 usque)
2840 5440 3041 5473 manere
3078 5408 3276 5473 obtariit
3324 5425 3364 5471 V
3597 5422 3659 5471 12
3697 5424 3932 5472 obtarunt
3977 5424 4019 5469 V

762 5514 925 5578 Ven.⁴,
963 5522 1136 5578 optare
1172 5517 1218 5564 Ρ
1456 5496 1756 5566 dissoluerat
1804 5518 1845 5563 V
1882 5516 1922 5577 (t
1955 5513 2042 5571 ma,
2293 5516 2403 5562 aevi
2440 5515 2675 5562 Heinsius
2922 5510 2984 5561 14
3023 5512 3112 5559 sed
3149 5511 3194 5558 P
3438 5508 3498 5558 15
3535 5523 3740 5558 currum
3780 5508 3825 5555 P
3867 5505 4014 5557 Veri.⁴

756 5604 818 5653 16
857 5604 1002 5650 mitte
1029 5601 1074 5648 P
1276 5603 1431 5651 docile
1467 5603 1508 5650 V
1716 5604 1775 5652 17
1814 5605 1989 5651 abacta
2015 5602 2060 5650 P
2269 5599 2330 5649 18
2368 5601 2594 5649 multatis
2624 5600 2667 5646 P
2868 5599 3054 5658 ignotis
3090 5598 3126 5644 V
3331 5597 3502 5644 abenis
3529 5595 3575 5642 P
3784 5595 3846 5643 19
3881 5596 4013 5658 phe-

753 5695 893 5738 tonta
938 5690 989 5748 V,
1031 5692 1226 5739 fetonta
1263 5688 1322 5749 P,
1363 5691 1615 5737 faethonta
1661 5687 1808 5739 ναι*
2038 5687 2104 5736 20
2142 5688 2416 5735 discutitur
2458 5687 2541 5734 VP
2582 5682 2724 5733 Ven.⁴
2759 5685 2904 5752 volyo
3137 5682 3202 5732 20
3238 5697 3307 5745 sq.
3351 5682 3649 5733 discutimus
3686 5689 3764 5731 set
3807 5683 3909 5744 (sed
3948 5684 4006 5741 π)

755 5783 810 5826 tu
848 5783 1047 5826 tantum
1084 5790 1201 5824 reus
1237 5782 1316 5825 ast
1352 5789 1439 5834 ego
1475 5789 1674 5837 semper
1708 5780 1784 5842 βπ
1807 5841 1819 5854 f
