4630 6435
843 450 923 519 38
2312 447 2619 505 Avsonn

1512 643 1718 729 prime
1763 661 1998 727 nepos,
2052 641 2159 706 vel
2203 660 2271 705 re
2319 640 2419 706 vel
2466 660 2581 724 spe
2626 639 2783 705 mihi
2830 658 3028 723 porge
3072 637 3435 704 fruendum.

1512 768 1682 813 nunc
1724 766 1848 829 ego
1892 753 1955 811 te
2003 764 2307 830 puerum,
2364 764 2511 808 mox
2556 744 2620 809 in
2665 743 3076 809 iuvenalibus
3122 742 3342 826 annis,

1511 851 1768 934 iamque
1814 850 2020 915 virum
2067 868 2363 929 cernam,
2417 848 2473 912 si
2518 846 2651 913 fors
2696 847 2788 912 ita
2831 846 3119 912 iusserit:
3177 853 3291 912 aut
3334 845 3391 912 si

1344 975 1402 1015 ιο
1507 954 1754 1020 invidia
1799 960 1933 1034 est,
1986 952 2259 1037 sperabo
2303 958 2555 1031 tamen,
2611 971 2729 1016 nec
2774 957 2922 1015 vota
2966 951 3299 1032 fatiscent,

1510 1064 1581 1124 ut
1624 1058 1823 1142 patris
1869 1063 2063 1139 utque
2110 1055 2236 1121 mei
2283 1074 2410 1121 non
2454 1055 2765 1121 inmemor
2810 1054 3015 1121 ardua
3059 1073 3315 1138 semper

1510 1160 1801 1246 praemia
1845 1179 2174 1224 musarum
2221 1159 2446 1243 cupias
2492 1157 2809 1223 facundus
2854 1165 2920 1223 et
2964 1157 3117 1222 olim

1511 1266 1634 1330 hac
1678 1263 1979 1348 gradiare
2024 1263 2164 1343 via,
2220 1282 2349 1345 qua
2393 1280 2508 1327 nos
2554 1261 3026 1346 praecessimus
3073 1265 3138 1326 et
3182 1259 3286 1325 cui

1511 1366 1850 1453 proconsul
1894 1366 2181 1449 genitor,
2235 1363 2601 1449 praefectus
2645 1365 3004 1430 avunculus
3050 1364 3313 1429 instant.

1340 1491 1403 1532 ιε»
1513 1473 1813 1556 perlege,
1867 1468 2311 1552 quodcumque
2357 1476 2456 1534 est
2501 1468 2938 1533 memorabile.
3032 1467 3240 1552 prima
3284 1467 3574 1533 monebo.

1511 1574 1798 1641 conditor
1842 1573 2087 1639 Iliados
2133 1581 2198 1638 et
2241 1572 2541 1638 amabilis
2587 1591 2737 1637 orsa
2783 1570 3120 1636 Menandri

1511 1677 1870 1745 evolvenda
1916 1677 2065 1741 tibi:
2121 1682 2190 1741 tu
2235 1674 2407 1741 flexu
2454 1683 2520 1740 et
2562 1674 2855 1740 acumine
2900 1674 3078 1740 vocis

1510 1783 1879 1847 innumeros
1924 1798 2224 1844 numeros
2269 1778 2474 1845 doctis
2519 1778 2889 1844 accentibus
2935 1778 3094 1843 effer

1510 1885 1936 1967 adfectusque
1980 1884 2218 1966 inpone
2264 1883 2512 1965 legens.
2610 1880 2934 1947 distinctio
2981 1899 3242 1946 sensum

1344 2010 1403 2049 50
1511 1995 1712 2071 auget
1755 1995 1818 2054 et
1863 1987 2118 2071 ignavis
2164 1986 2321 2051 dant
2366 1986 2711 2050 intervalla
2755 1984 3065 2068 vigorem.

1512 2092 1841 2175 ecquando
1887 2091 2012 2156 ista
2056 2109 2241 2155 meae
2286 2088 2659 2172 contingent
2704 2088 2874 2154 dona
2921 2094 3267 2153 senectae?

1509 2195 1765 2279 quando
1811 2194 2012 2260 oblita
2057 2193 2216 2259 mihi
2262 2198 2355 2258 tot
2398 2192 2683 2259 carmina
2726 2199 2945 2276 totque
2991 2211 3107 2277 per
3152 2211 3381 2257 aevum

1509 2318 1755 2365 conexa
1799 2297 2146 2379 historiae,
2201 2315 2419 2361 soccos
2465 2296 2827 2377 aulaeaque
2872 2315 3095 2379 regum

1511 2407 1575 2466 et
1618 2400 1882 2465 melicos
1929 2400 2294 2484 lyricosque
2340 2398 2563 2463 modos
2610 2398 2923 2483 profando
2968 2398 3237 2464 novabis

1342 2525 1402 2564 55
1510 2503 1940 2587 obductosque
1990 2502 2131 2568 seni
2176 2502 2378 2568 facies
2425 2520 2807 2585 puerascere
2854 2508 3126 2567 sensus?

1509 2613 1573 2672 te
1618 2612 2001 2691 praeeunte,
2057 2625 2291 2690 nepos,
2346 2605 2681 2670 modulata
2725 2612 3024 2689 poemata
3068 2605 3285 2671 Flacci

1509 2711 1983 2792 altisonumque
2028 2708 2259 2774 iterum
2306 2708 2407 2773 fas
2454 2714 2553 2773 est
2598 2707 2906 2774 didicisse
2953 2710 3299 2774 Maronem.

1509 2820 1576 2879 tu
1622 2833 1908 2897 quoque,
1961 2812 2070 2895 qui
2118 2812 2373 2877 Latium
2419 2812 2584 2877 lecto
2631 2831 2953 2894 sermone,
3007 2812 3302 2894 Terenti,

1510 2916 1711 2983 comis
1758 2922 1822 2981 et
1865 2915 2172 2982 adstricto
2217 2915 2538 3000 percurris
2580 2914 2834 2999 pulpita
2879 2935 3102 2996 socco,

1342 3042 1401 3080 au
1509 3020 1595 3086 ad
1639 3041 1809 3086 nova
1852 3021 1961 3084 vix
2006 3039 2350 3085 memorem
2397 3018 2691 3084 diverbia
2736 3039 2894 3102 coge
2940 3026 3290 3084 senectam.

1507 3126 1638 3189 iam
1684 3124 1972 3207 facinus,
2026 3122 2338 3203 Catilina,
2392 3128 2571 3187 tuum
2618 3122 2975 3207 Lepidique
3020 3123 3393 3205 tumultum,

1510 3229 1592 3293 ab
1641 3223 1902 3312 Lepido
1933 3234 1997 3293 et
2044 3227 2271 3293 Catulo
2314 3226 2444 3290 iam
2494 3245 2597 3291 res
2643 3233 2709 3292 et
2752 3232 3041 3310 tempora
3086 3228 3328 3292 Romae

1510 3351 1693 3398 orsus
1741 3331 1838 3396 bis
1886 3349 2075 3396 senos
2122 3329 2353 3396 seriem
2401 3336 2661 3395 conecto
2706 3350 2822 3414 per
2866 3350 3105 3395 annos:

1510 3436 1638 3500 iam
1687 3435 1835 3517 lego
1882 3433 2060 3498 civili
2104 3432 2370 3498 mixtum
2417 3440 2702 3499 mavorte
2749 3433 3071 3514 duellum,

1342 3559 1402 3597 σε,
1512 3538 1708 3604 movit
1750 3537 1923 3621 quod
1971 3537 2143 3602 socio
2190 3537 2510 3603 Sertorius
2554 3538 2702 3602 exul
2749 3537 3011 3602 Hibero,

1509 3661 1627 3708 nec
1670 3641 1850 3707 rudis
1896 3641 2056 3707 haec
2103 3660 2264 3706 avus
2310 3640 2660 3724 admoneo,
2714 3647 2813 3707 set
2855 3641 3035 3706 mille
3083 3641 3368 3707 docendo

1018 3906 1083 3954 4⁰
1123 3907 1231 3952 luv.
1273 3905 1347 3952 Xl
1392 3903 1486 3953 180
1523 3904 1742 3952 conditor
1778 3903 1957 3951 Iliados
2028 3904 2151 3953 Stat.
2197 3905 2320 3954 Silv.
2363 3905 2415 3951 11
2456 3902 2503 3964 1,
2549 3903 2641 3952 114
2680 3904 2884 3952 facundi
2914 3941 2924 3952 .
2962 3941 2972 3952 .
3006 3940 3018 3954 .
3048 3918 3156 3952 orsa
3195 3905 3456 3953 Menandri
3649 3904 3715 3953 48
3753 3906 3885 3954 Gell.
3929 3908 3988 3955 N.
4030 3910 4092 3956 A.

843 3993 866 4039 1
906 3990 990 4051 24,
1034 3992 1064 4039 3
1102 3995 1154 4038 et
1191 3991 1384 4037 numeri
1423 3991 1678 4037 innumeri
1713 3990 1865 4037 simul
1902 4002 2072 4037 omnes
2111 3991 2529 4038 conlacrimarunt
2756 3988 2820 4036 52
2859 3991 3008 4051 Verg.
3054 3991 3161 4039 Ecl.
3208 3992 3356 4039 vnn
3395 3990 3457 4038 53
3497 4005 3632 4039 nunc
3667 3992 3824 4039 oblita
3860 3994 3985 4041 mihi
4024 3998 4098 4041 tot

842 4077 1060 4124 carmina
1269 4076 1332 4123 57
1374 4077 1482 4124 Iuv.
1527 4076 1600 4123 XI
1644 4074 1739 4125 180
1766 4090 1837 4136 sq.
1880 4077 2099 4124 Maronis
2133 4077 2335 4124 altisoni
2377 4112 2388 4124 .
2423 4113 2434 4123 .
2467 4113 2478 4124 .
2521 4077 2739 4124 carmina
2951 4075 3015 4125 58
3054 4077 3159 4125 Cic.
3201 4078 3254 4125 in
3293 4078 3504 4126 Limone
3541 4092 3617 4140 ap.
3662 4077 3803 4126 Suet.
3848 4080 3937 4127 vit.
3980 4080 4092 4128 Ter.

842 4163 901 4211 R.
942 4177 992 4224 p.
1036 4160 1100 4210 34
1142 4168 1197 4210 tu
1235 4176 1450 4224 quoque,
1492 4162 1580 4223 qui
1617 4163 1750 4210 solus
1788 4162 1916 4210 lecto
1953 4175 2198 4224 sermone,
2241 4162 2487 4210 Terenti.
2522 4200 2531 4210 .
2565 4198 2577 4212 .
2610 4162 2846 4223 quiddam
2884 4177 3020 4211 come
3057 4164 3268 4224 loquens
3479 4162 3544 4211 59
3582 4165 3701 4213 Hor.
3746 4165 3911 4226 Epist.
3954 4167 3998 4212 11
4045 4165 4091 4226 1,

847 4247 941 4296 174
980 4262 1129 4309 quam
1167 4262 1267 4295 non
1304 4248 1539 4296 adstricto
1574 4252 1830 4309 percurrat
1865 4249 2059 4310 pulpita
2095 4261 2230 4296 socco
2476 4248 2539 4297 62
2580 4249 2699 4298 Sall.
2745 4249 2877 4297 Hist.
2920 4251 2982 4298 fr.
3024 4251 3048 4296 1
3090 4247 3111 4297 1
3157 4251 3253 4297 D.:
3297 4249 3395 4298 Res
3431 4250 3603 4312 populi
3642 4251 3848 4299 Romani
3886 4251 3955 4300 M.
3997 4252 4094 4298 Le·

843 4335 960 4396 pido
996 4335 1053 4393 Q.
1097 4334 1275 4384 Catulo
1311 4335 1600 4402 consulibus
1639 4349 1695 4382 ac
1731 4335 1918 4383 deinde
1954 4334 2165 4382 militiae
2203 4339 2255 4382 et
2290 4335 2423 4382 domi
2460 4340 2626 4396 gestas
2663 4335 2903 4396 conposui

1012 4559 1075 4607 37
1102 4573 1264 4621 nepus
1285 4558 1331 4605 P
1488 4559 1569 4606 bel
1594 4572 1682 4620 spe
1711 4560 1752 4606 V
1908 4573 2058 4620 perge
2091 4559 2175 4606 VP
2344 4558 2540 4607 fruend'
2564 4558 2609 4604 P
2782 4557 2845 4607 38
2872 4561 2923 4606 in
2950 4573 3045 4606 om.
3072 4557 3117 4604 Ρ
3290 4559 3612 4607 iuuenalibus
3643 4561 3684 4607 V
3704 4560 3758 4622 (li
3778 4575 3816 4607 ε.
3841 4577 3891 4608 v.
3918 4559 4009 4622 m'2)
4035 4561 4091 4620 P,

838 4647 1110 4694 iuuenibus
1142 4646 1201 4707 Τ,
1230 4645 1546 4694 iuuenilibus
1570 4649 1658 4694 cet.
1692 4646 1832 4705 volyo
2021 4645 2086 4693 39
2111 4660 2204 4695 om.
2240 4646 2285 4692 P
2444 4647 2569 4693 uiris
2601 4647 2641 4691 Τ
2800 4647 2946 4694 sorita
2970 4646 3161 4693 iuxerit
3196 4646 3236 4692 V
3262 4645 3398 4703 (corr.
3430 4643 3541 4706 m2),
3574 4648 3735 4695 forsan
3770 4647 3818 4704 (n
3846 4662 3904 4694 ex
3932 4663 3979 4694 m
4004 4647 4088 4707 m¹)

839 4721 1051 4780 u1¹xeris
1080 4732 1139 4792 T,
1172 4733 1336 4779 forsan
1362 4731 1572 4779 iusseris
1597 4728 1645 4791 λ,
1678 4732 1776 4778 sors
1801 4732 1871 4779 ita
1897 4732 2102 4779 iusserit
2124 4733 2211 4796 χΕ
2349 4736 2437 4779 aut
2463 4734 2505 4780 si
2541 4733 2581 4779 V
2603 4730 2673 4790 (in
2697 4746 2795 4779 rau.
2825 4729 2911 4793 m2)
3056 4731 3121 4779 40
3148 4736 3236 4779 aut
3260 4733 3301 4779 si
3330 4732 3523 4780 inuidia
3557 4734 3596 4780 V
3619 4732 3721 4792 (aut
3745 4734 3785 4779 si
3813 4733 3911 4781 del.
3939 4730 4026 4795 νηῒ)

838 4818 1035 4866 inuidie
1073 4817 1119 4863 P
1324 4819 1473 4879 spabo
1511 4816 1568 4876 P,
1613 4818 1845 4878 spectabo
1882 4814 1911 4864 λ
2121 4811 2364 4865 fatiscent
2407 4817 2446 4863 V
2482 4817 2528 4878 (e
2564 4813 2650 4878 ηιῖ)
2868 4816 2925 4865 41
2971 4818 3212 4864 inmemor
3260 4818 3300 4864 V
3339 4818 3381 4876 (o
3406 4832 3461 4865 ex
3487 4833 3521 4866 u
3555 4814 3668 4878 m2),
3711 4819 3971 4866 immemor
4005 4819 4091 4866 Ρω

845 4902 910 4952 42
948 4905 1112 4966 capias
1155 4903 1245 4949 TE
1484 4902 1550 4952 43
1587 4916 1643 4950 ac
1680 4902 1726 4948 P
1953 4917 2086 4964 quina
2133 4904 2174 4950 V
2213 4903 2247 4965 (i
2282 4903 2433 4964 eras.)
2671 4904 2747 4950 tui
2788 4902 2834 4949 Ρ
3063 4903 3126 4951 44
3164 4905 3416 4965 prefectus
3454 4905 3647 4964 genitor
3683 4907 3945 4966 proconsul
3988 4905 4028 4951 Τ

838 5006 886 5038 υ.
918 4992 983 5037 45
1010 4992 1063 5037 in
1092 4989 1134 5035 T
1158 4988 1198 5048 f.
1233 4987 1329 5037 53*
1350 4991 1444 5038 ult.
1474 4992 1708 5050 scriptus,
1749 4992 1801 5036 ἰη
1823 4990 1868 5050 f.
1901 4985 1993 5036 53²¹
2024 4992 2185 5049 primo
2211 4990 2409 5050 perlege
2434 4989 2769 5050 quodcunque
2795 4997 2872 5037 est
2897 4991 3214 5038 memorabile
3238 4995 3297 5037 ut
3322 4991 3416 5037 tibi
3439 4992 3624 5053 prosit3
3668 4990 3835 5040 eadem
3866 4993 4095 5052 leyuntur

838 5077 892 5122 in
930 5075 975 5120 E
1011 5074 1083 5136 (et
1119 5080 1177 5122 ut
1216 5072 1381 5136 Ven.⁴)
1594 5074 1660 5122 45
1698 5075 2029 5136 quodcunque
2072 5072 2145 5122 Τλ
2355 5066 2388 5137 ᾖ
2427 5074 2484 5134 Ρ,
2525 5077 2667 5136 priva
2704 5075 2836 5126 δραι.
2866 5077 3008 5136 volyo
3219 5075 3284 5124 46
3321 5075 3497 5123 iliades
3535 5076 3580 5124 P
3788 5077 4015 5125 menand’
4056 5077 4097 5124 P

836 5160 901 5210 47
940 5166 992 5208 et
1016 5161 1265 5208 uoluendo.
1291 5158 1321 5209 λ
1530 5163 1665 5210 flexu
1702 5162 1757 5221 V,
1798 5166 1856 5209 tu
1881 5162 2017 5208 flexu
2045 5160 2154 5223 Ρω,
2195 5162 2332 5208 nexu
2360 5162 2438 5208 vel
2472 5161 2724 5222 (flexuque
2751 5165 2818 5224 et)
2849 5162 2909 5210 L.
2942 5163 3153 5210 Mueller
3362 5161 3425 5210 48
3466 5164 3725 5211 acentibus
3756 5163 3797 5208 Τ
4006 5164 4091 5211 hoc

844 5247 953 5310 (hec
978 5244 1024 5307 λ)
1057 5249 1133 5296 fer
1159 5262 1201 5295 ω
1233 5247 1285 5307 (ι’.
1316 5261 1354 5297 e.
1387 5249 1533 5308 ecfer)
1739 5247 1803 5295 49
1841 5248 2151 5308 affectusque
2177 5248 2380 5307 impone
2407 5247 2495 5294 Ρω
2696 5249 2760 5298 50
2797 5250 2990 5309 ignabit
3024 5251 3065 5296 V
3092 5249 3309 5311 (ignauia
3332 5246 3422 5310 m2)
3621 5249 3680 5298 51
3724 5255 3775 5297 et
3800 5250 3997 5311 quando
4032 5251 4083 5309 V,

837 5332 1068 5395 equando
1105 5332 1163 5389 P,
1206 5332 1296 5380 hec
1337 5333 1492 5394 (haec)
1537 5332 1736 5393 quando
1773 5348 1815 5380 ω
2028 5331 2092 5380 53
2130 5345 2354 5380 connexa
2392 5333 2477 5381 Ρω
2690 5312 2918 5383 historiae
2954 5337 2995 5381 V
3025 5336 3095 5394 (hi
3117 5332 3231 5396 m2),
3274 5334 3407 5383 histo
3447 5335 3490 5380 P
3694 5334 3760 5383 54
3799 5337 4003 5384 molioes
4027 5336 4083 5396 P,

838 5418 1052 5474 medicos
1094 5418 1134 5462 Τ
1341 5419 1605 5479 liricosque
1644 5420 1698 5477 V,
1741 5420 2023 5479 logicosque
2067 5419 2119 5469 Τ.
2159 5419 2437 5480 loricosque
2476 5418 2545 5484 λχ
2753 5422 2953 5481 profado
2989 5422 3042 5482 V,
3086 5420 3323 5482 profanda
3349 5420 3409 5482 P,
3448 5422 3685 5482 persando
3727 5422 3787 5481 T,
3827 5423 4091 5483 praefando

837 5503 954 5569 λχΕ
986 5504 1128 5563 volvo
1370 5503 1435 5551 55
1471 5504 1789 5566 obdittosque
1827 5503 1874 5551 P
2109 5504 2262 5552 facias
2306 5505 2348 5551 Τ
2590 5520 2879 5566 puerescere
2928 5508 3051 5572 VxE
3292 5507 3356 5555 56
3395 5513 3446 5555 et
3490 5509 3556 5570 (te
3592 5506 3684 5569 m2)
3724 5514 3946 5572 preeunt
3991 5510 4031 5556 V

837 5604 1002 5651 nepus
1027 5590 1074 5638 P
1247 5592 1408 5638 nactis
1437 5589 1479 5636 P
1674 5590 1737 5638 57
1776 5592 1962 5639 iterum
1988 5590 2253 5639 edidicisse
2278 5591 2325 5638 P
2354 5594 2463 5652 (om.
2494 5592 2587 5654 fas)
2792 5592 2856 5642 58
2891 5594 2993 5642 leto
3019 5594 3064 5641 P
3246 5596 3513 5658 tsstoerenti
3544 5595 3584 5641 Τ
3784 5595 3848 5643 59
3888 5597 4091 5644 astricto

836 5676 978 5725 codd.
1188 5676 1414 5738 percutis
1450 5677 1495 5724 P
1698 5676 1764 5749 §50
1801 5678 2041 5726 deuel-bia
2076 5676 2163 5725 Ρω
2376 5681 2631 5727 sententia
2669 5679 2712 5725 P
2916 5697 2995 5727 vv.
3026 5681 3094 5725 62?
3118 5685 3163 5728 et
3187 5682 3253 5728 63
3286 5687 3397 5742 post
3433 5685 3499 5732 65
3536 5680 3634 5743 VP,
3677 5683 3730 5729 in
3752 5681 3799 5729 P
3820 5695 3916 5731 om.
3948 5698 3996 5731 v.
4028 5685 4091 5728 6⁴

838 5763 903 5811 63
940 5767 1177 5811 connecto
1214 5762 1303 5809 Ρω
1514 5761 1581 5810 64
1617 5752 1744 5824 leg¹0
1792 5765 1832 5811 v
1867 5763 1903 5826 (i
1940 5761 2032 5824 m2)
2246 5765 2312 5813 66
2351 5765 2517 5812 erudis
2561 5765 2605 5811 ι»
2813 5765 2901 5812 hoc
2938 5766 3065 5830 ι’χις
3099 5767 3240 5825 votyo
3450 5768 3539 5815 aad
3580 5767 3666 5813 Ρω
