4630 6435
1780 447 2205 504 EPISTVLAE
2247 448 2391 513 (XV.
2434 449 2613 513 XVI).
3713 452 3831 513 175

478 656 535 696 ιο
576 635 730 718 quid
790 656 999 702 rerum
1061 642 1350 718 tuarum,
1420 637 1714 719 quamvis
1772 637 2053 703 incultus
2111 638 2472 722 expoliam:
2557 638 2731 722 quod
2788 644 2859 704 tu
2919 638 3040 704 etsi
3097 639 3332 704 lectum
3388 659 3518 705 non
3573 639 3826 724 probes,

577 738 882 823 scriptum
948 740 1102 805 boni
1157 741 1474 806 consules.
1586 760 1858 823 cumque
1920 761 2041 824 ego
2096 741 2383 807 imitatus
2443 742 2563 807 sim
2623 742 2954 807 vesaniam
3015 742 3330 825 Choerili,
3404 749 3472 807 tu
3537 741 3833 824 ignoscas

574 842 1106 925 magnanimitate
1151 843 1528 908 Alexandri.
1624 843 1692 907 hi
1739 843 1938 926 igitur
1980 844 2258 925 interim,
2312 851 2383 908 ut
2429 846 2695 910 Plautus
2739 846 2850 927 ait,
2903 853 3091 911 erunt
3132 845 3528 927 antelogium
3575 845 3834 910 fabula-

575 964 749 1028 rum,
807 947 1051 1029 garruli
1112 954 1177 1012 et
1235 947 1645 1031 deceptores,
1713 947 1823 1030 qui
1880 948 2214 1031 compositi
2275 948 2360 1012 ad
2405 949 2927 1014 honorificentiae
2975 949 3388 1032 obsequium,
3454 948 3538 1013 ad
3582 949 3830 1013 aurium

577 1047 932 1113 convicium
981 1059 1448 1116 concurrerunt.
1545 1051 1692 1116 vale
1737 1070 1815 1116 ac
1857 1070 1960 1115 me
2006 1051 2230 1133 dilige.

882 1515 1117 1599 Perge,
1173 1535 1210 1579 o
1253 1516 1502 1597 libelle,
1559 1516 1896 1597 Sirmium,
2487 1521 2780 1586 columen
2827 1521 3063 1585 curulis
3107 1520 3418 1584 Romulae
3730 1529 3832 1580 406

882 1625 946 1684 et
989 1618 1094 1684 dic
1138 1639 1246 1684 ero
1293 1640 1434 1685 meo
1481 1641 1557 1685 ac
1601 1626 1707 1684 tuo
2487 1624 2759 1707 primum
2806 1625 2873 1689 in
2920 1624 3219 1690 secundis
3266 1623 3585 1688 fascibus:

882 1720 1049 1787 have
1095 1728 1286 1805 atque
1333 1725 1513 1789 salve
1560 1723 1927 1808 plurimum.
2317 1745 2378 1786 25
2486 1748 2635 1792 nam
2681 1728 2924 1813 primus
2970 1749 3005 1793 e
3053 1727 3297 1793 cunctis
3342 1727 3462 1793 erit

883 1825 1024 1909 quis
1071 1826 1192 1892 iste
1239 1828 1324 1892 sit
1367 1828 1551 1895 nobis
1596 1847 1782 1911 erus,
2487 1833 2708 1896 consul
2756 1832 3077 1898 secundus
3124 1831 3419 1916 principi.

750 1950 776 1989 5
881 1930 1127 2010 nescis,
1180 1931 1444 1996 libelle‘?
1487 1951 1601 2013 an,
1655 1951 1798 1995 cum
1846 1932 2048 2013 sciaS,
2485 1933 2711 2016 generi
2755 1935 2859 2000 hic
2904 1942 3233 2020 superstes
3277 1954 3474 1999 aureo

883 2032 1155 2099 libenter
1198 2034 1388 2099 audis
1433 2034 1603 2117 quod
1646 2032 1869 2099 iuvat?
2487 2046 2782 2122 satorque
2829 2040 3027 2121 prolis
3073 2057 3311 2103 aureae

881 2156 1136 2221 possem
1182 2137 1477 2202 absolute
1524 2137 1771 2216 dicere,
2486 2142 2805 2207 convincit
2848 2142 3202 2208 Ascraeum
3250 2160 3467 2206 senem

883 2241 999 2306 sed
1045 2241 1298 2306 dulcius
1342 2241 1809 2323 circumloquar
2315 2264 2377 2305 3⁰
2486 2266 2612 2310 non
2659 2266 2802 2311 esse
2849 2247 3134 2312 saeclum
3181 2246 3481 2311 ferreum.

882 2342 1117 2425 diuque
1166 2343 1361 2409 fando
1407 2344 1720 2429 perfruar.
2486 2349 2594 2432 qui
2639 2349 2836 2415 vincit
2881 2349 3027 2414 aevi
3072 2347 3370 2412 iniuriam

715 2466 774 2505 10
881 2447 1050 2512 hunc
1095 2447 1274 2529 dioc,
1328 2448 1437 2531 qui
1482 2448 1708 2531 lingua
1752 2454 1979 2531 potens
2487 2454 2704 2538 stirpis
2750 2459 3016 2518 novator
3059 2451 3333 2517 Amniae

880 2550 1185 2616 minorem
1230 2552 1523 2617 Atridam
1571 2551 1877 2635 praeterit
2485 2557 2876 2641 paribusque
2923 2555 3115 2621 comit
3155 2555 3380 2620 infulis

879 2654 1119 2719 orando
1165 2674 1375 2739 pauca
1419 2661 1485 2720 et
1527 2654 1808 2719 musica:
2486 2660 2852 2725 Aniciorum
2899 2666 3261 2726 stemmata.

879 2757 988 2840 qui
1033 2757 1383 2840 grandines
1430 2757 1643 2821 Vlixei
2315 2785 2376 2823 35
2483 2764 2757 2828 Probum
2803 2763 3062 2846 loquor,
3116 2763 3243 2827 scis
3289 2748 3564 2846 optime,

880 2868 945 2926 et
987 2860 1474 2926 mellifluentem
1521 2862 1794 2925 Nestora
2483 2885 2669 2949 quem
2718 2887 2903 2932 nemo
2951 2867 3146 2932 fando
3192 2865 3459 2947 dixerit,

715 2983 774 3023 ιε
882 2962 1219 3029 concinnat
1262 2985 1371 3030 ore
1416 2965 1649 3029 Tullii:
2020 3001 2033 3008 -
2481 2971 2594 3053 qui
2637 2991 2763 3035 non
2807 2970 2987 3055 prius
3033 2968 3419 3034 laudaverit.

881 3068 991 3149 qui
1037 3068 1212 3133 solus
1258 3069 1547 3152 exceptis
1592 3068 1796 3133 tribus
2483 3094 2719 3158 perge,
2772 3094 2809 3139 o
2854 3073 3113 3153 libelle,
3169 3079 3233 3137 et
3276 3079 3456 3138 utere

879 3172 1005 3238 eris
1054 3192 1304 3239 erorum
1348 3171 1592 3258 primus
1639 3177 1740 3238 est
2483 3176 2792 3243 felicitate
2837 3176 3199 3243 intermina.

879 3277 1323 3361 praetorioque
1368 3276 1708 3341 maximus.
2315 3302 2375 3342 ιο
2484 3282 2637 3364 quin
2683 3288 2748 3348 et
2791 3280 3078 3364 require,
3132 3280 3185 3345 si
3233 3279 3402 3344 sinet

881 3380 1025 3444 dico
1070 3380 1241 3445 hunc
1286 3380 1495 3444 senati
1541 3380 1939 3464 praesulem,
2484 3393 2703 3451 tenore
2749 3384 2870 3448 fari
2919 3383 3227 3450 obnoxio:

712 3498 771 3540 20
879 3482 1274 3567 praefectum
1321 3482 1592 3547 eundem
1642 3491 1705 3548 et
1750 3482 2109 3546 consulem:
2491 3495 2685 3571 (ηερ,
2739 3507 2894 3552 vera
2937 3487 3150 3572 proles
3196 3486 3484 3567 Romuli,

880 3607 1028 3651 nam
1075 3587 1296 3651 consul
1343 3593 1671 3651 aeternum
1719 3587 1892 3651 cluet
2484 3592 2685 3657 effare
2731 3609 2995 3655 causam
3042 3589 3344 3653 nominis.

879 3690 1132 3773 collega
1174 3689 1451 3773 Augusti
1495 3690 1808 3772 consulis,
2486 3701 2780 3759 utrumne
2827 3712 3034 3759 mores
3081 3693 3202 3758 hoc
3246 3692 3338 3757 tui

747 3969 802 4018 11
847 3971 963 4018 Hor.
1008 3971 1167 4031 Epist.
1212 3970 1263 4016 11
1305 3969 1353 4031 1,
1392 3969 1490 4017 232
1518 3984 1593 4031 sq.
1816 3971 1872 4019 12
1912 3971 2073 4020 Plaut.
2118 3973 2251 4020 Men.
2294 3976 2420 4036 prol.
2467 3972 2527 4024 13
2565 3975 2656 4023 hoc
2689 3969 2926 4039 (fabulae)
2960 3977 3252 4031 argumento
3289 3972 3593 4031 antelogium
3633 3973 3733 4019 fuit

740 4050 801 4106 2·
874 4055 940 4104 30
980 4057 1178 4104 Hesiod.
1217 4057 1346 4117 Opp.
1393 4055 1489 4104 176

743 4314 795 4363 11
842 4317 1069 4364 consulas
1105 4316 1240 4363 mula*
1261 4319 1404 4376 volyo
1613 4331 1723 4365 sum
1757 4317 1798 4363 T
2003 4320 2140 4368 cerili
2175 4320 2231 4381 T,
2271 4321 2443 4368 cherili
2471 4320 2529 4367 Μ
2739 4317 2800 4368 12
2837 4324 2894 4366 ut
2931 4319 3132 4379 plautus
3170 4318 3240 4364 ait
3273 4318 3475 4364 interim
3510 4316 3597 4363 ΤΕ
3617 4318 3757 4377 volyo

568 4403 862 4463 antilogium
901 4418 962 4462 ω,
1004 4404 1312 4462 antelogium
1342 4402 1563 4451 Muretus
1778 4403 1839 4452 13
1877 4406 2041 4464 garull
2085 4406 2126 4451 T
2336 4406 2396 4455 14
2436 4412 2489 4455 et
2534 4406 2638 4467 TE,
2677 4420 2732 4453 ac
2767 4410 2856 4452 cet.
3067 4408 3178 4463 post
3214 4404 3367 4463 dilige
3403 4404 3651 4464 leycbatur
3685 4406 3825 4464 volyo

571 4490 645 4536 Ad
684 4491 868 4538 librum
908 4496 965 4537 ut
1001 4494 1083 4536 eat
1118 4488 1176 4535 ad
1216 4489 1428 4536 Probum
1467 4490 1528 4537 ab
1575 4490 1772 4549 Uyoleto
1808 4490 2058 4540 adiectum

737 4569 797 4625 2·
874 4573 895 4622 1
939 4588 966 4622 o
999 4574 1040 4620 T
1066 4577 1123 4637 (s.
1153 4592 1202 4623 υ.
1229 4573 1315 4636 πιῖ)
1489 4575 1518 4623 2
1557 4578 1675 4624 hero
1707 4577 1747 4622 T
1900 4584 1996 4644 atq;
2029 4578 2070 4623 T
2098 4579 2159 4644 (q;
2187 4576 2281 4624 del.
2310 4575 2399 4640 m‘2)
2568 4577 2598 4625 3
2636 4591 2729 4624 aue
2758 4591 2801 4623 ω
2967 4578 2997 4624 4
3035 4576 3187 4623 herus
3217 4576 3258 4622 T
3417 4575 3443 4623 7
3483 4589 3687 4637 possum
3721 4575 3826 4621 Toll

566 4663 706 4721 volyo
903 4661 933 4709 9
971 4662 1197 4722 profruar
1230 4661 1270 4706 Τ
1439 4663 1705 4723 praefando
1734 4664 1867 4709 fruar
1894 4663 2139 4711 Baehrens
2336 4662 2397 4711 10
2434 4668 2611 4725 petens
2643 4662 2696 4707 Μ
2892 4660 2952 4709 13
2989 4662 3108 4722 quid
3139 4660 3195 4707 M
3395 4659 3454 4708 14
3493 4667 3544 4709 et
3567 4675 3662 4708 om.
3693 4661 3820 4708 Scal.

564 4749 702 4808 volqo
857 4749 1195 4795 mellessuente
1230 4747 1271 4793 Τ
1296 4749 1647 4809 (ωεΙΙίῆυειιῐὲ
1673 4754 1725 4795 et
1749 4745 1859 4811 m2)‚
1892 4754 1944 4796 et
1968 4750 2351 4798 mellifluentem
2378 4755 2466 4798 cet.
2501 4754 2546 4796 et
2573 4749 2614 4794 Ε
2642 4749 2743 4808 (ubi
2770 4749 3016 4808 melmin-j
3183 4750 3379 4794 nestora
3411 4747 3451 4792 Τ
3609 4746 3670 4794 15
3708 4760 3825 4794 con-

565 4837 870 4882 cinnatorem
908 4850 971 4895 ω,
1012 4836 1276 4882 concinnat
1313 4847 1395 4881 ore
1441 4832 1586 4882 Vm.⁴
1794 4835 1925 4882 tullii
1965 4852 2028 4896 ω,
2068 4843 2121 4884 et
2156 4836 2359 4883 tullium
2397 4833 2541 4883 Vm.⁴
2749 4836 3142 4882 concinnatorem
3181 4838 3235 4880 et
3270 4833 3493 4880 Tullium
3532 4832 3650 4881 Par.
3682 4834 3825 4892 volyo

572 4919 629 4969 ¹7
667 4897 797 4970 ¹¹eris
834 4897 1055 4968 ¹¹erorum
1090 4921 1130 4967 T
1156 4921 1206 4982 (h
1233 4917 1325 4981 m2)
1506 4934 1674 4967 eroum
1702 4918 1758 4965 M
1928 4927 2005 4968 est
2042 4935 2139 4969 om.
2170 4919 2227 4967 Μ
2397 4919 2461 4969 20
2499 4922 2718 4971 eundem
2747 4920 2869 4981 Mlv,
2911 4920 3144 4968 eumdem
3170 4925 3258 4968 cet.
3436 4920 3574 4966 cluet
3606 4918 3704 4965 ΤΜ
3725 4924 3826 4979 etp

569 5009 640 5068 (in
674 5009 819 5069 mm),
860 5008 1028 5056 elucet
1070 5007 1111 5052 Τ
1152 5011 1204 5068 (³.
1247 5023 1294 5055 v.
1336 5007 1506 5066 minio)
1544 5021 1580 5066 p
1616 5010 1703 5054 cet.
1748 5006 1794 5052 E
2001 5006 2067 5056 22
2104 5010 2289 5069 collega
2333 5007 2444 5069 ΤΜ,
2486 5010 2720 5068 collegam
2757 5013 2845 5054 cet.
2891 5007 2935 5053 E
2966 5007 3108 5066 volyo
3317 5003 3382 5053 24
3420 5005 3630 5054 secundi
3675 5005 3716 5050 Τ
3748 5006 3825 5061 (ex

565 5095 690 5143 secli
713 5090 802 5155 m2)
838 5093 894 5140 M
915 5098 961 5140 et
983 5108 1017 5153 p
1046 5094 1117 5155 (in
1141 5093 1285 5154 ηιμ),
1317 5094 1434 5140 sede
1456 5108 1490 5153 p
1514 5098 1627 5154 σει,
1658 5094 1874 5141 secunde
1904 5092 1960 5154 E,
1991 5094 2227 5142 secundis
2256 5094 2388 5143 Med.
2594 5093 2659 5142 26
2695 5094 2934 5155 principis
2966 5092 3007 5137 Τ
3034 5096 3074 5152 (s
3099 5091 3192 5140 dcl.
3223 5088 3315 5152 m2)
3519 5090 3584 5140 28
3619 5093 3747 5152 polis
3776 5091 3838 5164 A(

566 5178 631 5228 29
666 5181 887 5228 convicit
931 5180 1020 5239 υς.
1050 5180 1193 5239 volyo
1401 5184 1619 5227 astreum
1647 5179 1738 5244 Μχ
1947 5178 2012 5228 30
2049 5194 2161 5228 esse
2192 5176 2437 5246 saeclum]
2473 5180 2627 5228 esedfi
2657 5179 2699 5226 T
2727 5181 2787 5241 (s.
2817 5196 2866 5228 v.
2894 5175 2969 5226 m²
2993 5191 3104 5226 esse
3131 5178 3385 5252 seclum..
3405 5178 3636 5283 ⁰⁵!{0dum
3661 5183 3751 5226 cet.

566 5301 688 5361 quin
725 5306 779 5348 et
813 5303 1032 5348 saeclum
1072 5302 1287 5348 ferreum
1328 5297 1491 5362 Ven.³,
1531 5303 1618 5362 qui
1658 5301 1794 5362 (quoi
1829 5300 1937 5347 Toll
1959 5301 2121 5362 volyo)
2163 5302 2420 5350 saeculum
2458 5315 2604 5349 omne
2640 5302 2859 5349 ferreum
2895 5295 3037 5347 Vm.⁴
3244 5297 3304 5346 31
3343 5254 3483 5346 ιιιιιὶἲιῗα
3527 5299 3707 5359 (uincit
3730 5296 3821 5360 m‘2)

566 5388 678 5434 aeui
720 5387 779 5446 T,
821 5388 961 5434 uinci
999 5391 1050 5435 ta
1087 5387 1171 5433 eui
1215 5385 1283 5446 Μ,
1326 5388 1487 5434 uincit
1524 5389 1636 5435 aeui
1675 5392 1766 5435 cet.
2049 5389 2237 5434 iniuria
2278 5387 2333 5434 Μ
2611 5385 2676 5434 32
2712 5387 2927 5434 Amniae
2964 5400 3069 5446 eqo,
3111 5385 3321 5432 ammiae
3350 5384 3446 5446 pE,
3490 5386 3683 5433 animae
3716 5399 3820 5445 mu,

567 5475 743 5521 ammie
780 5478 894 5534 cet„
944 5474 1124 5521 anniae
1167 5468 1314 5521 Ven.⁴
1348 5474 1519 5533 volyo;
1578 5472 1647 5533 cl'.
1697 5473 1749 5521 C.
1793 5473 1833 5521 1.
1881 5472 1939 5521 L.
1991 5474 2061 5519 VI
2100 5475 2230 5521 1754
2273 5474 2481 5520 Aniciae
2519 5473 2776 5521 Faltoniae
2814 5472 2998 5519 Probae
3035 5471 3245 5518 Amnios
3281 5471 3480 5519 Pincios
3519 5472 3825 5532 Aniciosque

566 5559 814 5608 decoranti
1048 5559 1113 5608 33
1151 5560 1272 5607 colit
1312 5559 1353 5605 T
1582 5558 1648 5607 34
1686 5560 1991 5606 annitiorum
2037 5558 2079 5604 T
2119 5563 2174 5622 (a.
2214 5575 2263 5607 υ.
2304 5560 2607 5607 Atticiorum
2643 5555 2733 5621 m2)
2779 5557 2895 5620 ΜΕ,
2936 5558 3206 5606 anitiorum
3240 5573 3291 5618 p,
3334 5559 3670 5605 ammitiorum
3707 5562 3820 5618 cet„

566 5647 857 5694 Aniciorum
894 5645 1027 5695 ὅσοι.
1288 5651 1397 5705 post
1432 5661 1481 5694 v.
1523 5644 1774 5751 34ut⁸iss2mM
1806 5646 1984 5706 leyitur
2018 5662 2065 5695 υ.
2110 5644 2194 5706 41,
2235 5645 2320 5693 sed
2356 5649 2494 5706 siyno
2529 5646 2615 5708 4«,
2656 5659 2748 5707 quo
2784 5659 2895 5692 eum
2929 5650 3041 5704 post
3076 5643 3143 5692 40
3179 5643 3524 5692 collocandum
3560 5658 3658 5692 coac
3695 5644 3827 5693 indi-

565 5771 723 5826 catur,
763 5766 951 5814 adiecto
1160 5764 1228 5814 44
1263 5762 1525 5830 utrumne]
1564 5773 1621 5826 ut
1658 5781 1735 5829 me
1771 5766 1811 5813 T
1853 5767 1991 5828 (corr.
2034 5769 2207 5830 minio)
