4630 6435
765 432 891 494 252
2233 428 2544 485 AVSONII

1269 641 1325 682 ιο
1431 620 1663 685 mentis
1707 619 2086 705 Apollineae
2130 619 2229 684 vis
2276 619 2395 684 has
2440 627 2653 686 movet
2696 621 2974 704 undique
3022 622 3275 687 Musas:

1432 723 1497 788 in
1542 722 1753 789 medio
1799 723 2088 789 residens
2133 723 2577 807 complectitur
2621 724 2838 789 omnia
2882 724 3200 791 Phoebus.

2342 1202 2435 1276 V.

765 1398 1225 1496 AVSONII
1302 1399 1727 1496 POETAE
1808 1398 2616 1497 EPIGRAMMATA
2680 1400 3049 1497 NVPER
3109 1399 3223 1497 IN
3232 1399 3605 1497 VENTA
3666 1400 3805 1497 ΕΤ
3866 1400 4011 1497 ΑΒ

762 1570 1540 1671 ERVDITISSIMO
1596 1570 1856 1668 VIRO
1919 1570 2804 1670 BARTHOLOMAEO
2867 1572 3324 1670 MERVLA
3366 1571 4008 1673 PVBLIOATA.

1709 1803 1830 1867 EX
1874 1802 2374 1869 SEPVLCHRO
2419 1803 2798 1869 LATINAE
2842 1804 3066 1869 VIAE.

1277 1958 1332 2022 Ι.
1432 1958 1577 2022 Non
1622 1977 1885 2039 nomen,
1938 1978 2064 2023 non
2111 1978 2234 2041 quo
2280 1959 2570 2041 genitus,
2623 1980 2749 2024 non
2795 1960 2997 2039 unde,
3054 1958 3207 2043 quid
3252 1959 3430 2025 aevi:
3598 1977 3698 2028 255
3740 1977 3882 2042 (epit.
3925 1977 4007 2041 38)

1606 2068 1820 2127 mutus
1864 2061 1932 2126 in
1977 2068 2305 2127 aeternum
2355 2083 2495 2128 sum
2541 2062 2701 2129 cinis
2747 2082 2893 2129 ossa
2937 2063 3121 2129 nihil.

1429 2185 1551 2231 nec
1595 2184 1735 2230 sum
1781 2184 1901 2230 nec
1946 2163 2191 2231 fueram
2238 2166 2530 2248 genitus,
2586 2173 2800 2233 tamen
2847 2187 2883 2232 e
2929 2167 3130 2232 nihilo
3178 2186 3341 2232 sum.

1603 2267 1783 2334 mitte
1829 2287 1947 2334 nec
1991 2269 2337 2354 exprobres
2384 2269 2677 2353 singula:
2732 2269 2882 2336 talis
2929 2269 3081 2335 eriS.

1614 2509 1708 2575 IN
1753 2509 2108 2576 DIDONIS
2154 2509 2589 2579 IMAGINEM
2634 2511 2752 2581 EX
2799 2511 3161 2578 GRAECO.

1246 2666 1332 2731 11.
1435 2666 1560 2731 Illa
1603 2686 1724 2750 ego
1771 2684 1911 2733 sum
1955 2665 2159 2748 Dido,
2211 2665 2394 2731 vultu
2440 2685 2627 2749 quem
2674 2666 2993 2752 conspicis
3039 2666 3276 2752 hospes
3916 2686 4013 2735 118

1607 2768 1967 2835 assimilata
2011 2767 2216 2834 modis
2263 2769 2656 2853 pulchraque
2702 2768 3008 2836 mirificis,

935 3019 976 3065 1.
1035 3016 1131 3066 Cf.
1174 3016 1381 3064 titulum
1418 3012 1552 3078 apud
1587 3012 1892 3074 scaligerum
1930 3013 2067 3062 Lect.
2110 3012 2306 3061 Auson.
2348 3015 2397 3062 11
2437 3012 2503 3062 20
2547 3014 2819 3073 (Lactorate
2857 3016 2911 3062 in
2949 3015 3451 3078 Novempopulonia),
3498 3019 3552 3064 in
3591 3030 3688 3078 quo
3724 3017 3844 3064 haec
3882 3016 4016 3075 lege-

761 3106 972 3154 bantur:
1013 3116 1141 3153 xor«.
1183 3116 1291 3153 rvr.
1329 3114 1433 3151 rvr.
1475 3113 1694 3150 numm.
1737 3113 1865 3149 nox.
1907 3113 2033 3161 svm
2074 3100 2229 3149 Anth.
2262 3100 2349 3148 lat.
2385 3098 2515 3148 1514
2542 3100 2738 3160 Meyer:
2782 3101 2915 3149 Olim
2953 3114 3051 3150 non
3078 3103 3287 3166 fuimus,
3328 3103 3432 3150 nati
3458 3116 3651 3162 sumus,
3693 3101 3828 3150 unde
3853 3100 4014 3162 quieti

764 3205 901 3242 nunc
937 3204 1111 3240 sumus
1149 3194 1206 3238 ut
1241 3190 1432 3239 fuimus

939 3277 1005 3326 11.
1083 3276 1239 3325 Anth.
1282 3275 1387 3325 Pal.
1426 3275 1550 3323 XVI
1592 3272 1682 3322 151
1733 3273 1890 3334 (Plan.
1932 3273 2036 3320 1111
2073 3271 2122 3333 9,
2164 3271 2229 3321 24
2268 3268 2570 3333 ἀδέσποτον)
2614 3267 2705 3329 Εἰς
2742 3269 2914 3323 είκόνα
2950 3269 3160 3332 meone:

1587 3353 1887 3429 Ἀρχέτυπον
1927 3352 2108 3415 Διδοῦς
2144 3356 2436 3427 ἐρικυδέος,
2476 3358 2518 3409 ὦ
2556 3356 2696 3421 ξένε,
2734 3356 2993 3422 λεύσσεις,

1726 3433 1897 3488 εἰκόνα
1933 3433 2185 3505 θεσπεσίῳ
2221 3433 2407 3488 κάλλεϊ
2444 3434 2800 3505 λαμπομένην.

1583 3513 1698 3583 τοίη
1734 3513 1822 3566 καὶ
1855 3512 2106 3584 γενόμην,
2145 3506 2270 3566 ἀλλ’
2308 3515 2367 3567 οὐ
2403 3515 2548 3578 νόον,
2592 3512 2700 3567 οἷον
2738 3512 2976 3578 ἀκούεις,

1724 3589 1875 3664 ἔσχον
1915 3583 2005 3643 ἐπ’
2039 3590 2296 3663 εὐφήμοις
2334 3593 2482 3656 δόξαν
2519 3591 2852 3662 ἐνεγκαμένη.
3056 3588 3060 3591 ⁴

1588 3668 1710 3722 οὐδὲ
1743 3667 1840 3741 γὰρ
1878 3666 2083 3723 Αἰνείαν
2120 3665 2237 3723 ποτ’
2279 3668 2555 3739 ἐσέδρακον
2596 3670 2713 3723 οὐδὲ
2748 3670 2974 3743 χρόνοισι

1724 3745 1914 3818 Τροίης
1950 3747 2275 3819 περθομένης
2310 3747 2506 3818 ἤλυθον
2546 3749 2596 3808 ἐς
2635 3747 2861 3818 Λιβύην,

1589 3823 1722 3878 ἀλλὰ
1758 3825 1866 3896 βίας
1906 3825 2161 3898 φεύγουσα
2195 3820 2459 3896 Ἰαρβαίων
2495 3825 2751 3896 ὑμεναίων

1727 3904 1864 3975 πῆξα
1898 3904 2031 3957 κατὰ
2064 3905 2278 3976 κραδίης
2318 3905 2570 3976 φάσγανον
2607 3904 2920 3976 ἀμφίτομον.

1590 3979 1852 4051 Πιερίδες,
1892 3982 1940 4035 τί
1980 3999 2065 4050 μοι
2100 3981 2250 4053 ἁγνὸν
2289 3980 2682 4052 ἐφωπλίσσασθε
2719 3978 2979 4052 Μάρωνα;

1725 4056 1810 4111 οἷα
1845 4053 1970 4111 καθ’
2010 4056 2268 4128 ἡμετέρης
2305 4058 2529 4130 ψεύσατο
2566 4059 2872 4130 παρθενίηςῐ

943 4289 999 4340 11
1042 4288 1303 4349 medioque
1341 4287 1521 4335 sedens
1555 4284 1801 4334 Baehrens
2031 4287 2155 4334 inter
2194 4284 2256 4335 10
2293 4291 2339 4334 et
2381 4285 2434 4334 11
2481 4286 2565 4335 ΟΡ
2598 4290 2849 4336 inserunt:
2904 4288 3072 4335 Diuus
3110 4286 3268 4348 apollo
3303 4298 3485 4333 nouem
3522 4298 3774 4332 musarum
3812 4283 4017 4331 nomina

767 4380 948 4439 signat,
989 4375 1180 4424 addunt
1218 4373 1365 4421 iidem
1396 4376 1506 4434 post
1548 4370 1640 4421 11:
1684 4371 1842 4420 Cerne
1879 4374 2195 4434 superficiem
2233 4373 2386 4419 lector
2421 4373 2705 4435 pariterque
2742 4373 3006 4421 medullam
3048 4373 3311 4434 (medelam
3354 4371 3415 4431 G)

937 4464 1002 4511 In
1039 4462 1195 4511 Laur.
1234 4462 1319 4520 39,
1361 4459 1394 4509 3
1430 4473 1556 4509 saec.
1598 4459 1703 4506 XII
1733 4473 1786 4519 p.
1830 4461 1922 4506 171
1967 4460 2145 4519 leqitur
2180 4458 2264 4506 hoc
2303 4473 2501 4507 carmen
2536 4460 2597 4507 ab
2632 4458 2781 4507 medii
2820 4461 2928 4507 aevi
2964 4459 3155 4507 homine
3194 4462 3263 4507 ita
3302 4462 3647 4506 immutatum:

1590 4545 1697 4594 Clio
1731 4551 1872 4604 gesta
1907 4559 2092 4593 canens
2131 4547 2398 4594 transactis
2435 4552 2657 4609 tempora
2693 4546 2877 4594 reddit.

1588 4624 1749 4672 Dulce
1787 4625 1942 4672 melos
1979 4624 2179 4671 calamis
2216 4625 2439 4685 Euterpe
2477 4625 2664 4685 fiatque
2702 4624 2936 4672 secunda.

1590 4702 1759 4749 Tertia
1793 4702 2106 4763 Melpomene
2141 4703 2326 4763 tragico
2360 4703 2461 4750 fert
2498 4702 2661 4750 flenda
2699 4704 2862 4750 boatu.

1588 4779 1874 4850 Quartaque
1910 4779 1993 4828 dat
2028 4780 2196 4827 lusum
2233 4779 2481 4827 comoedis
2519 4779 2693 4827 Thalia
2730 4779 2898 4828 fando.

1490 4853 1516 4906 5
1591 4856 1873 4904 Rhetoricos
1908 4858 2097 4919 profert
2133 4866 2184 4906 at
2220 4859 2397 4919 quinta
2431 4858 2687 4918 Polymnia
2723 4871 2923 4905 sensus.

1594 4934 1749 4983 Sexta
1784 4948 1966 4982 canens
2003 4936 2155 4984 Erato
2189 4942 2465 4996 geometras
2503 4937 2719 4983 carmina
2755 4937 2948 4997 pangit.

1591 5011 1783 5070 Organa
1820 5012 2145 5075 Terpsichore
2184 5013 2371 5062 fidibus
2409 5014 2494 5061 dat
2529 5016 2739 5076 septima
2775 5015 2988 5062 cunctim

1589 5091 1771 5139 Vrania
1807 5091 1944 5152 polos
1981 5096 2149 5140 octavo
2185 5093 2364 5140 limine
2401 5090 2612 5140 scandit.

1589 5168 1822 5217 Poemata
1856 5168 2080 5231 Calliope
2117 5169 2391 5231 perlustrat
2427 5181 2556 5241 nona
2591 5168 2805 5216 libellos.

937 5253 970 5303 2
1006 5255 1190 5317 datque
1224 5254 1332 5305 cod.
1563 5254 1594 5303 3
1632 5253 1795 5302 flendo
1829 5254 1935 5302 cod.
2172 5255 2201 5303 4
2240 5243 2475 5304 comedi¹s
2511 5254 2618 5302 cod.
2832 5252 2862 5301 5
2900 5252 3271 5312 rethoricosque
3319 5249 3423 5298 cod.
3641 5251 3670 5298 6
3709 5248 3877 5296 cadem
3912 5246 4015 5306 sere

764 5342 1000 5402 leviantur
1034 5342 1088 5388 in
1120 5344 1353 5401 carmine,
1393 5340 1522 5403 quod
1556 5356 1614 5390 ex
1659 5341 1887 5390 Vomano
1924 5342 2009 5390 illo
2042 5341 2295 5390 chartaceo
2327 5342 2536 5404 protulit
2576 5341 2685 5389 Tou
2714 5355 2768 5401 p.
2798 5341 2929 5389 537:
2976 5339 3153 5386 ‘Erato
3188 5333 3533 5397 geometriam’
3742 5333 3774 5383 9
3809 5331 4014 5393 fortasse

764 5428 935 5477 libello

937 5514 1001 5563 V.
1079 5514 1122 5562 1.
1202 5512 1223 5561 1
1266 5515 1374 5571 aegi
1421 5510 1582 5573 Ven.³‚
1624 5515 1704 5575 egi
1752 5513 1837 5573 Uy.
1882 5515 2040 5575 υοιρο,
2083 5515 2192 5562 aevi
2229 5516 2401 5575 scripsi

941 5602 1008 5649 11.
1085 5599 1203 5647 Post
1240 5612 1413 5661 graeco
1449 5598 1567 5648 add.
1616 5599 1705 5660 Uy.
1748 5615 1808 5647 a:
1856 5602 1868 5626 ‘
1893 5599 2139 5658 Quattuor
2174 5602 2358 5649 ultima
2395 5604 2621 5649 carmina
2658 5601 2800 5648 huius
2835 5599 3203 5661 epiymmmatis
3236 5610 3337 5643 non
3372 5594 3611 5643 habentur
3646 5596 3699 5641 in
3732 5605 3899 5652 praeco
3934 5604 4015 5639 co·

766 5683 896 5734 ὥρι’
934 5687 991 5733 In
1034 5686 1195 5734 Didus
1229 5686 1501 5746 imaginem
1538 5684 1667 5735 θεαὶ.
1697 5689 1841 5750 volyo
2059 5686 2077 5736 1
2121 5688 2208 5737 illa
2247 5683 2412 5750 Ven.³,
2455 5688 2540 5736 illo
2578 5687 2733 5734 Barth
2943 5686 3029 5747 qui
3080 5680 3241 5745 Venss,
3282 5697 3430 5744 quam
3473 5678 3634 5742 νεκύ,
3675 5693 3826 5742 quem
3862 5677 4013 5725 Barth

765 5772 797 5827 ²
835 5773 1128 5825 assimulata
1169 5771 1257 5835 Uy.
