4630 6435
760 424 877 485 158
2225 420 2536 478 AVSONII

1255 634 1316 673 35
1422 619 1491 678 tu
1538 631 1823 695 quoque,
1878 612 1963 676 mi
2008 612 2282 695 genitor,
2338 612 2668 696 geminata
2712 612 3026 678 vocabula
3069 612 3315 695 gaude,

1598 715 1731 780 nati
1777 716 2089 800 primaevi
2135 716 2390 782 nomine
2435 716 2643 783 factus
2689 736 2873 781 avus.

1425 819 1728 903 exiguum
1775 819 1943 903 quod
1989 840 2186 885 avus:
2240 820 2505 888 faveant
2546 820 2659 906 pia
2704 820 2969 886 numina
3014 820 3233 886 divum

1598 923 1804 1006 deque
1850 929 2082 1008 nepote
2130 943 2242 989 suo
2288 923 2403 990 fiat
2445 944 2605 990 avus
2651 943 2949 1008 proavus.

1423 1027 1667 1109 largius
1714 1033 1779 1092 et
1821 1034 2119 1112 poterunt
2163 1028 2515 1111 producere
2561 1028 2698 1094 fata
2742 1034 3104 1093 senectam:

1255 1150 1316 1191 ιο
1597 1136 1697 1195 set
1740 1136 1880 1196 rata
1924 1136 2072 1196 vota
2117 1151 2292 1213 reor,
2344 1151 2510 1215 quae
2555 1132 2919 1219 moderata,
2981 1131 3213 1216 magis.

842 1408 925 1471 II.
988 1408 1266 1471 PATER
1313 1408 1428 1470 AD
1473 1406 1791 1471 FILIVM.
1888 1407 2064 1473 CVM
2109 1406 2653 1474 TEMPORIBVS
2699 1408 3225 1475 TYRANNICIS
3271 1409 3459 1473 IPSE
3505 1407 3924 1473 TREVERIS

784 1528 1379 1593 REMANSISSET
1423 1529 1536 1592 ET
1581 1528 1860 1593 FILIVS
1906 1528 1962 1592 A
2005 1530 2285 1593 PATRE
2332 1530 2827 1597 PROFEOTVS
2873 1530 3160 1595 ESSET.
3258 1528 3428 1595 HOC
3474 1528 3981 1595 INCOHATVM

1311 1648 1599 1727 NEQVE
1644 1649 2084 1714 INPLETVM
2130 1650 2262 1716 SIC
2308 1651 2426 1715 DE
2472 1650 2959 1717 LITVRARIIS
3005 1649 3453 1716 SCRIPTVM.

1425 1821 1649 1886 Debeo
1694 1827 1759 1887 et
1802 1822 1970 1887 hanc
2013 1822 2279 1904 nostris,
2335 1823 2429 1888 fili
2475 1822 2884 1903 dulcissime,
2938 1822 3106 1888 curis
3908 1839 4003 1889 391

1425 1927 1792 1992 historiam:
1847 1947 2233 2010 quamquam
2278 1928 2466 1994 titulo
2511 1948 2638 1993 non
2684 1928 2883 2012 digna
2927 1946 3154 1993 sereno
3925 1926 4007 1988 (V)

1426 2030 1624 2095 anxia
1667 2038 2059 2096 maestarum
2104 2031 2300 2098 fuerit
2340 2031 2739 2116 querimonia
2781 2051 3013 2096 rerum.

1423 2132 1552 2197 iam
1600 2152 1793 2218 super
1839 2133 2136 2217 egelidae
2183 2134 2569 2217 stagnantia
2601 2140 2786 2218 terga
2829 2134 3140 2200 Mosellae

1292 2258 1317 2295 5
1425 2237 1772 2321 protulerat
1816 2242 1914 2319 te,
1969 2245 2150 2318 nate,
2207 2238 2365 2304 ratis
2412 2238 2768 2320 maestique
2812 2236 3097 2323 parentis

1424 2340 1648 2406 oscula
1692 2348 1757 2406 et
1801 2342 2139 2426 amplexus
2186 2341 2582 2408 discreverat
2622 2341 2880 2407 invidus
2925 2341 3156 2406 amnis,

1426 2444 1602 2509 solus
1648 2465 1771 2527 ego
1819 2451 1883 2510 et
1927 2445 2221 2528 quamvis
2267 2452 2452 2511 coetu
2500 2446 2861 2512 celebratus
2905 2444 3111 2509 amico

1427 2547 1605 2612 solus
1651 2568 1861 2628 eram,
1918 2548 2360 2632 profugaeque
2407 2548 2642 2614 dabam
2688 2548 2797 2634 pia
2842 2555 2989 2614 vota
3035 2548 3292 2613 carinae

1425 2650 1635 2730 soluS‚
1692 2651 1905 2716 adhuc
1952 2657 2045 2732 te,
2100 2659 2285 2733 nate,
2340 2652 2601 2733 videnS,
2658 2651 3013 2734 celerisque
3059 2651 3330 2717 remulci

1261 2773 1316 2813 ιο
1425 2753 1763 2837 culpabam
1810 2773 2116 2839 properos
2161 2754 2434 2820 adverso
2480 2753 2741 2820 flumine
2787 2774 3033 2819 cursus.

1421 2856 1567 2940 quis
1613 2857 1735 2922 fuit
1776 2858 1890 2922 ille
1937 2857 2077 2923 dies
2093 2864 2122 2921 ‘?
2166 2878 2292 2923 non
2337 2878 2545 2924 annus
2591 2858 2846 2942 longior
2888 2857 3002 2923 ille
3047 2865 3175 2940 est,

1422 2959 1638 3026 Attica
1682 2981 1870 3043 quem
1918 2960 2086 3026 docti
2134 2961 2395 3045 collegit
2441 2981 2592 3026 cura
2636 2961 2931 3026 Metonis.

1424 3062 1720 3128 desertus
1766 3063 1989 3128 vacuis
2035 3063 2317 3147 solisque
2364 3084 2667 3130 exerceor
2711 3064 2863 3129 oris.

1423 3187 1593 3232 nunc
1638 3187 1759 3249 ego
1803 3168 2119 3253 pubentes
2165 3167 2436 3234 salicum
2483 3168 2833 3235 deverbero
2879 3167 3175 3249 frondes,

1260 3291 1316 3330 ιε
1421 3270 1786 3353 gramineos
1832 3292 2000 3337 nunc
2046 3272 2272 3354 frango
2318 3280 2489 3338 toros
2533 3272 2901 3357 viridesque
2948 3293 3062 3356 per
3107 3272 3295 3337 ulvas

1424 3374 1670 3438 lubrica
1715 3375 2055 3440 substratis
2102 3376 2381 3459 vestigia
2424 3376 2588 3442 libro
2633 3375 2903 3460 lapillis.

1424 3477 1516 3542 sic
1562 3471 1674 3542 lux
1721 3477 1928 3562 prima
1970 3479 2161 3560 abiit,
2217 3479 2310 3544 sic
2355 3480 2559 3546 altera
2604 3486 2775 3545 meta
2821 3479 2981 3558 diei,

1422 3581 1517 3645 sic
1562 3581 1856 3663 geminas
1901 3583 2151 3647 alterna
2194 3589 2365 3648 rotat
2411 3583 2658 3665 vertigo
2703 3584 3036 3666 tenebam,

1422 3683 1515 3749 sic
1559 3684 1758 3766 alias,
1813 3692 2111 3769 totusque
2155 3686 2317 3751 mihi
2364 3687 2458 3752 sic
2502 3705 2710 3752 annus
2756 3686 2989 3768 abibit,

1253 3806 1314 3848 20
1422 3788 1763 3854 restituant
1807 3790 2012 3855 donec
2060 3798 2173 3856 tua
2217 3812 2321 3856 me
2367 3791 2484 3856 tibi
2531 3792 2664 3856 fata
2717 3798 3070 3877 parentem.

1421 3892 1543 3956 hac
1587 3912 1711 3973 ego
1759 3893 2130 3960 condicione
2177 3894 2329 3960 licet
2372 3895 2477 3960 vel
2525 3902 2724 3961 morte
2770 3895 3088 3979 paciscar,

1421 3995 1573 4061 dum
1621 3996 1885 4062 decores
1930 4016 2234 4082 suprema
2277 3997 2483 4082 patris
2526 4004 2633 4079 tu,
2686 4005 2868 4081 nate,
2923 4005 3272 4083 superstes,

1719 4273 1835 4336 111.
1890 4273 2314 4339 AVSONIVS
2364 4275 2783 4341 HESPERIO
2831 4276 2898 4339 S.
2952 4277 3031 4339 D.

1418 4427 1645 4503 Qualis
1692 4427 1967 4494 Picenae
2013 4428 2353 4513 populator
2398 4430 2624 4494 turdus
2671 4419 2882 4495 olivae
3902 4450 4009 4500 392

1590 4532 1812 4596 clunes
1858 4532 2099 4616 opimat
2145 4553 2368 4598 cereas
3917 4537 4004 4598 (V)

1419 4634 1521 4698 vel
1568 4633 1677 4716 qui
1725 4634 2013 4700 lucentes
2059 4635 2274 4721 rapuit
2319 4636 2399 4701 de
2445 4636 2682 4702 vitibus
2730 4657 2923 4718 uvas,

1587 4737 1951 4821 pendetque
1996 4758 2203 4804 nexus
2249 4739 2527 4820 retibuS‚

922 4945 989 4992 11.
1073 4944 1132 4993 15
1170 4947 1322 5006 Verg.
1364 4946 1474 4995 Ecl.
1515 4947 1639 4994 VIII
1674 4946 1736 4996 87
1777 4947 1924 4994 viridi
1961 4948 2017 4994 in
2055 4948 2173 4995 ulva
2242 4948 2389 4996 Mart.
2430 4949 2479 4996 11
2518 4948 2604 5010 59,
2645 4948 2676 4997 3
2715 4950 2885 5008 frange
2923 4953 3055 4997 toros
3100 4948 3183 5010 (cf.
3228 4951 3330 4998 1111
3369 4948 3419 5011 8,
3462 4949 3513 5010 6)

900 5031 996 5079 111.
1078 5030 1097 5079 1
1142 5032 1288 5081 Mart.
1331 5034 1480 5081 vnn
1519 5033 1604 5094 55,
1650 5033 1669 5082 1
1713 5034 1757 5081 si
1795 5034 1917 5081 mibi
1956 5034 2141 5082 Picena
2177 5034 2356 5083 turdus
2392 5035 2603 5096 palleret
2638 5035 2769 5082 oliva
2806 5036 2890 5098 (cf.
2935 5036 3063 5083 XIII
3102 5037 3150 5098 5,
3199 5036 3241 5096 l)

914 5219 979 5268 35
1016 5222 1184 5279 genite
1229 5221 1271 5269 V
1299 5237 1425 5271 corr.
1457 5221 1619 5284 Luqd.
1833 5222 1897 5272 37
1936 5225 2097 5272 abuus
2142 5224 2182 5271 V
2389 5207 2555 5271 nomia
2600 5224 2640 5271 V
2676 5223 2778 5283 (sed
2814 5237 2840 5271 o
2877 5238 2933 5272 cx
2969 5227 3136 5285 corn),
3182 5226 3392 5273 numius
3431 5225 3594 5285 Luqd.
3810 5226 3877 5274 38
3915 5228 4008 5274 ssat

751 5307 790 5354 V
828 5308 860 5368 (i
895 5303 970 5354 m²
1005 5310 1058 5354 in
1092 5307 1212 5368 ras.)

915 5393 977 5443 11.
1055 5394 1238 5456 Incipit
1270 5398 1413 5455 pater
1437 5431 1449 5445 .
1484 5431 1497 5445 .
1531 5432 1541 5443 .
1573 5386 1723 5458 qnvm
1755 5436 1764 5447 .
1801 5433 1812 5444 .
1847 5433 1858 5444 .
1889 5396 2154 5444 tirannicis
2195 5434 2206 5444 .
2241 5433 2252 5444 .
2292 5433 2303 5445 .
2346 5397 2408 5444 ad
2445 5402 2633 5458 patrem
2677 5397 2721 5457 (a
2756 5401 2897 5459 patre
2924 5396 3079 5459 Saul.)
3111 5434 3122 5444 .
3157 5435 3168 5445 .
3203 5434 3213 5445 .
3246 5399 3300 5445 In
3332 5393 3341 5464 Ι
3374 5380 3576 5446 Incoatfi
3617 5398 3802 5460 (incoat
3838 5394 3913 5444 ma
3950 5401 4006 5446 in

739 5480 859 5542 raa.)
889 5515 900 5527 .
936 5515 947 5527 .
981 5515 994 5530 .
1032 5479 1292 5528 litterariis
1331 5481 1593 5542 (liturariis
1619 5481 1777 5544 δραι.)
1809 5484 2051 5543 scriptum
2081 5482 2123 5529 V
2345 5483 2374 5531 3
2413 5478 2579 5531 anesii
2607 5482 2657 5544 (x
2681 5497 2738 5531 a
2762 5499 2789 5532 c
2814 5480 2901 5546 m2)
2936 5468 3199 5542 meiu‘arum
3233 5484 3271 5530 V
3298 5484 3367 5547 (st
3400 5482 3489 5546 m2)
3723 5484 3754 5530 5
3790 5488 3923 5531 rates
3969 5485 4012 5530 V

739 5563 770 5613 9
807 5539 962 5612 adhuc
999 5565 1039 5612 V
1062 5566 1109 5626 (h
1134 5565 1346 5626 fortasse
1369 5566 1457 5632 m2)
1661 5567 1721 5617 12
1760 5568 1987 5617 medonis
2021 5569 2205 5616 Vcorr.
2237 5569 2467 5617 Pithoeus
2669 5569 2729 5618 13
2768 5572 2865 5617 aris
2903 5570 2959 5632 V,
2994 5571 3091 5617 oris
3117 5570 3347 5618 Pithoeus
3552 5571 3610 5619 15
3647 5570 3929 5632 uiridisque
3967 5571 4012 5616 V

737 5648 802 5699 20
840 5664 950 5698 mea
986 5656 1035 5698 te
1073 5652 1195 5698 mihi
1235 5659 1343 5702 vota
1377 5656 1576 5717 parenti
1621 5655 1814 5704 Gronov
2041 5654 2101 5704 21
2145 5656 2238 5719 hec
2285 5657 2339 5720 V,
2382 5657 2471 5704 hac
2514 5657 2622 5705 Tou
2854 5654 2920 5706 22
2958 5656 3131 5708 decore
3176 5657 3215 5703 V
3252 5657 3297 5721 (e
3334 5658 3424 5708 alt.
3464 5654 3539 5706 m²
3576 5659 3628 5706 in
3663 5670 3763 5706 ras.
3807 5658 3840 5706 2
3875 5657 3999 5716 me„

733 5741 791 5784 ut
825 5737 1037 5800 vtdetur,
1078 5736 1148 5800 es)
