4630 6435
386 2118 469 2181 ¹10

1627 458 2014 516 APPENDIX
2054 460 2116 524 (Ι.
2156 458 2629 526 PERIOCHAE).
3627 451 3753 529 229

500 660 690 720 nente
733 651 1123 737 producitur.
1217 650 1504 734 sequitur
1546 649 1939 717 enumeratio
1985 649 2309 735 copiarum
2354 649 2614 734 viritim,
2667 656 2737 715 ut
2780 670 2895 736 per
2939 651 3219 736 catalogi
3249 651 3477 718 seriem
3516 653 3756 720 milites

501 777 721 839 naveS,
776 756 996 838 duces,
1048 755 1296 842 patriae
1340 759 1729 820 retexantur.

2065 1010 2182 1075 III.

671 1168 740 1237 4.
1330 1160 1533 1252 Αὐτὰρ
1582 1165 1711 1230 ἐπεὶ
1756 1160 2059 1251 κόσμηθεν
2110 1159 2215 1249 ἅμ’
2268 1160 2660 1250 ἡγεμόνεσσιν
2706 1167 2970 1231 ἕκαστοι.
3656 1180 3758 1229 423

1325 1269 1598 1353 Argivos
1644 1288 1763 1335 sua
1807 1289 2124 1354 quemque
2168 1268 2343 1335 acies
2386 1268 2454 1334 in
2496 1270 2673 1335 bella
2720 1278 3051 1354 secuntur,

1330 1371 1626 1456 dispositi
1669 1372 1738 1437 in
1781 1379 2025 1438 turmas
2071 1373 2358 1456 equitum
2404 1392 2764 1455 cuneosque
2810 1374 3165 1457 pedestres.

1326 1475 1584 1541 turbida
1627 1476 2003 1559 clangentes
2047 1474 2446 1541 confundunt
2487 1476 2748 1560 agmina
2792 1478 3012 1542 Troes.

675 1579 1059 1646 Instructum
1104 1578 1348 1663 proelio
1393 1579 1776 1661 exercitum,
1841 1579 2213 1665 priusquam
2258 1579 2528 1645 ferirent
2570 1580 2778 1662 acies,
2847 1580 3139 1645 Priamus
3185 1534 3434 1666 spectat
3478 1602 3513 1648 e
3559 1583 3759 1648 muris

505 1691 567 1749 et
609 1689 965 1749 monstratu
1009 1682 1300 1748 Helenae
1347 1681 1429 1747 de
1471 1681 1627 1749 viris
1669 1682 2038 1766 insignibus
2084 1681 2408 1748 edocetur.
2503 1682 2736 1748 dehinc
2778 1684 3113 1748 Menelaus
3142 1684 3229 1748 ad
3261 1683 3588 1766 singulare
3621 1705 3761 1751 cer-

503 1794 719 1852 tamen
766 1787 848 1851 ab
878 1784 1247 1851 Alexandro
1291 1792 1689 1870 provocatur,
1741 1785 1850 1870 qui
1882 1785 2120 1851 frustra
2149 1785 2632 1867 Agamemnone
2680 1784 3059 1851 dehortante
3107 1786 3531 1869 congreditur,
3587 1787 3761 1854 facta

503 1890 669 1955 inter
711 1896 1013 1971 utrosque
1057 1888 1326 1975 populos
1373 1888 1714 1972 sponsione
1759 1894 1825 1954 et
1875 1888 2135 1955 foedere
2179 1908 2297 1972 per
2355 1908 2538 1954 sacra
2596 1888 2845 1953 firmato
2908 1889 3026 1953 sub
3087 1909 3165 1953 ea
3222 1889 3624 1972 condicione,
3691 1899 3762 1957 ut

505 1992 808 2058 victorem
853 1991 1106 2057 Helena
1163 2011 1307 2056 cum
1368 1990 1516 2057 dote
1574 1998 1968 2074 sequeretur.
2064 1990 2181 2056 sed
2243 1998 2584 2075 superatus
2639 1992 2821 2056 Paris
2877 2010 3334 2076 regressusque
3393 1993 3478 2058 ad
3537 1996 3758 2060 urbem

505 2094 714 2179 iurgio
761 2094 977 2160 uxoris
1023 2093 1368 2178 excipitur,
1422 2095 1505 2159 ab
1550 2095 2032 2177 Agamemnone
2078 2093 2358 2160 foederis
2402 2102 2593 2179 pacta
2636 2101 3031 2179 repetuntur.

2052 2350 2203 2417 IIII.

677 2507 741 2575 5·
1330 2507 1412 2572 Οἵ
1450 2533 1515 2572 τε
1562 2505 1693 2572 θεοὶ
1735 2502 1857 2592 πὰρ
1904 2505 2056 2591 Ζηνὶ
2099 2501 2439 2590 καθήμενοι
2481 2500 2848 2593 ἠγορόωντο.
3659 2519 3759 2569 424

1330 2612 1620 2696 Iuppiter
1659 2611 1907 2677 interea
1953 2630 2095 2676 cum
2143 2609 2246 2675 dis
2289 2610 2685 2693 genitalibus
2730 2630 2861 2675 una

1334 2714 1670 2780 concilium
1717 2714 1886 2798 cogit
1932 2733 2232 2797 superum
2278 2712 2362 2778 de
2407 2714 2599 2779 rebus
2642 2712 2931 2778 Achivis.

681 2816 818 2882 Iovi
861 2818 1078 2901 placet
1119 2817 1336 2883 delere
1382 2819 1671 2899 Troiam,
1736 2816 1821 2882 ad
1867 2815 2036 2900 quod
2082 2815 2438 2900 pertinacia
2480 2817 2745 2885 Iunonis
2789 2823 3071 2898 urgetur.
3168 2835 3439 2900 cumque
3494 2816 3563 2882 id
3621 2819 3763 2884 fieri

508 2920 801 2985 Minerva
844 2928 1249 3005 properaret,
1304 2920 1647 2986 discidium
1693 2918 1972 2985 foederis
2020 2918 2496 2984 conminiscitur
2542 2926 2606 2984 et
2647 2918 3011 2983 Pandarum
3072 2919 3427 3002 sagittandi
3485 2921 3762 3004 peritum

507 3030 651 3089 astu
700 3022 1030 3089 suadentis
1077 3022 1473 3107 adgreditur,
1526 3030 1597 3089 ut
1639 3023 1805 3088 clam
1851 3024 2187 3088 vulnerato
2219 3022 2514 3088 Menelao
2562 3022 2719 3088 belli
2765 3042 2964 3087 causa
2995 3022 3354 3087 crudescat.
3435 3043 3558 3106 quo
3591 3024 3763 3090 facto

507 3146 549 3189 a
594 3125 859 3192 Graecis
905 3126 1218 3211 proelium
1262 3126 1655 3193 instauratur
1698 3125 2190 3209 congressisque
2235 3125 2624 3191 exercitibus
2667 3132 2890 3190 mutua
2933 3124 3118 3190 clade
3164 3124 3544 3190 decernitur.

2091 3385 2168 3449 V.

679 3540 748 3607 6.
1323 3532 1504 3603 '‘Evil’
1561 3529 1637 3604 αὖ
1681 3538 1939 3625 Τυδείδῃ
1989 3535 2278 3624 Διομήδεϊ
2326 3534 2575 3611 Παλλὰς
2613 3534 2856 3623 Ἀθήνη.
3580 3528 3589 3534 ’
3657 3550 3760 3600 425

1335 3643 1456 3707 Hic
1502 3650 1566 3707 et
1608 3642 1925 3727 Tydidem
1972 3641 2278 3708 monitum
2324 3641 2611 3707 Tritonia
2656 3642 2874 3706 Pallas

1335 3737 1571 3811 audaci
1613 3745 1845 3810 virtute
1890 3745 2116 3829 replet.
2196 3743 2395 3810 vomit
2439 3764 2639 3809 aurea
2682 3743 2973 3809 flammas

1337 3847 1542 3913 cassis
1586 3855 1653 3914 et
1693 3848 2042 3914 undantem
2090 3847 2336 3932 clipeus
2382 3846 2759 3929 diffulgurat
2799 3847 3053 3928 ignem:

1334 3952 1476 4035 ipse
1521 3951 1879 4016 autumnali
1929 3952 2168 4016 clarum
2213 3950 2408 4016 micat
2448 3951 2742 4015 aemulus
2785 3956 2978 4016 astro.

681 4052 1030 4119 Diomedes
1074 4053 1319 4119 auxilio
1364 4054 1692 4120 Minervae
1752 4061 2011 4120 strenue
2054 4053 2423 4138 proeliatur.
2520 4054 2740 4120 Venus
2785 4073 3034 4136 quoque
3090 4053 3223 4120 filio
3270 4055 3610 4120 subvenire
3658 4076 3768 4121 co-

509 4163 662 4221 nata
722 4157 989 4222 vulnere
1048 4157 1283 4223 affecta
1342 4156 1717 4240 digreditur.
1822 4156 1997 4222 Mars
2058 4157 2251 4222 etiam
2306 4156 2379 4222 fit
2434 4157 2692 4222 saucius
2749 4155 3129 4238 exceditque
3188 4157 3382 4223 bello.
3478 4158 3769 4242 sequitur

509 4257 868 4343 Tlepolemi
915 4259 1438 4345 Sarpedonisque
1496 4258 1899 4343 congressio,
1969 4265 2033 4324 et
2091 4260 2507 4343 Tlepolemus
2568 4259 2861 4324 Herculis
2919 4258 3094 4324 filius
3154 4259 3498 4326 certamine
3558 4262 3766 4326 victus

510 4361 837 4427 occiditur.

511 4555 778 4562 ——ffi

688 4673 746 4722 17
786 4677 1063 4724 referantur
1099 4677 1216 4726 Azd.
1255 4679 1398 4737 υοιρο

683 4756 743 4810 4.
821 4761 842 4809 1
885 4764 978 4810 ΕΠΙ
1008 4760 1052 4808 Ρ
1259 4765 1829 4811 ΗΓΕΜΟΧΕΕΙΝΕΚΕΤΟΙ
1857 4762 1901 4810 Ρ
2107 4760 2138 4808 4
2176 4756 2350 4826 Troes]
2384 4773 2492 4808 reos
2520 4758 2565 4806 P
2773 4761 2802 4809 5
2840 4761 2939 4823 filio
2970 4760 3012 4807 P
3209 4761 3384 4809 feriret
3408 4759 3452 4807 P
3483 4760 3570 4820 Uo.
3603 4764 3762 4826 volpe,

510 4846 719 4894 ferirent
753 4859 858 4908 ⁶9⁰,
901 4849 1090 4896 fureret
1124 4849 1299 4896 Hartel
1546 4848 1572 4895 7
1611 4837 1724 4895 alei'
1761 4848 1806 4896 P
2027 4860 2294 4909 agameone
2332 4846 2589 4894 deortante
2626 4844 2671 4892 P
2913 4847 2943 4896 8
2978 4848 3148 4896 federe
3189 4847 3233 4895 P
3454 4847 3767 4896 condictione

513 4929 559 4976 P
598 4931 709 4992 U9.,
751 4933 1034 4982 conditione
1082 4932 1225 4984 Ven.⁴
1437 4934 1498 4983 10
1534 4947 1836 4994 agamenone
1872 4934 2060 4983 federis
2098 4932 2143 4980 P

682 5013 741 5069 ὅ.
818 5017 840 5067 1
881 5022 1009 5068 ΤΕΟῙ
1047 5018 1092 5066 P
1347 5023 1654 5068 KAOHMENO
1694 5018 1738 5066 P
2011 5019 2040 5068 2
2078 5020 2276 5081 Iupiter
2319 5018 2407 5078 Cy.
2671 5019 2767 5067 dfis
2804 5019 2863 5082 P,
2905 5020 3002 5068 diis
3048 5019 3157 5080 Uq„
3200 5018 3270 5080 cf.
3312 5018 3443 5067 Ean.
3485 5005 3619 5065 Arm.
3663 5021 3766 5066 119

518 5102 670 5162 (Serv.
721 5105 858 5164 Vero.
900 5106 1023 5153 Aen.
1076 5105 1142 5152 VI
1177 5090 1292 5166 7⁶²4)
1506 5105 1537 5153 4
1574 5107 1842 5167 pertinatia
1878 5104 1923 5152 P
2130 5103 2176 5152 θ’
2216 5103 2261 5151 Ρ
2482 5106 2512 5154 5
2551 5105 2816 5154 dissidium
2863 5105 2951 5165 Uy.
3165 5105 3559 5154 comminiscitur
3601 5103 3691 5164 119.

512 5190 761 5249 sagitandi
802 5188 845 5236 P
1053 5190 1080 5237 7
1118 5193 1284 5253 §lium
1320 5191 1365 5239 P

683 5273 743 5327 8.
821 5276 840 5325 l
885 5280 1578 5326 ΤΥΔΙΔΗΔΙΟΜΗΔΕΕΙΠΑΛΑΟ
1615 5278 1661 5325 Ρ
1865 5277 1896 5326 2
1933 5278 2133 5326 titidem
2160 5276 2216 5338 P,
2260 5277 2465 5336 Tydidis
2498 5279 2662 5340 (immo
2690 5278 2926 5338 Tydidae)
2956 5283 3177 5326 mentem
3216 5276 3477 5342 Wakefield
3500 5278 3540 5339 s.
3571 5282 3699 5328 recte

514 5361 766 5408 tritoniam
805 5360 850 5408 P
1052 5362 1082 5410 :3
1129 5363 1261 5424 Ver-9.
1305 5365 1428 5412 Aen.
1480 5364 1608 5410 VIII
1644 5364 1745 5414 620
1951 5364 1984 5412 4
2022 5365 2232 5425 clypeus
2277 5362 2365 5424 Uy.
2580 5364 2869 5425 defulgurat
2905 5365 2963 5415 P.
3012 5364 3121 5426 Uo„
3165 5364 3455 5423 diffulgurat
3502 5359 3767 5434 Wakefield

515 5445 545 5494 6
580 5446 804 5496 minema
843 5446 888 5493 P
1109 5450 1238 5498 filios
1280 5450 1325 5497 P
1556 5449 1582 5496 7
1622 5450 1823 5500 affectat
1863 5450 1906 5498 P
2131 5452 2295 5499 sacius
2332 5450 2627 5514 exciditque
2665 5450 2710 5497 P
2934 5449 2965 5499 8
3001 5450 3284 5513 trepulemi
3320 5449 3365 5496 P
3586 5452 3766 5512 triptn-

514 5532 671 5579 lemus
709 5531 754 5578 P
