4630 6435
847 406 966 469 148
2317 403 2627 460 AVSONII

1510 597 1756 683 respice
1802 602 1867 661 et
1910 597 1995 662 ad
2040 597 2249 662 cultus
2294 595 2512 661 animi.
2610 595 2702 661 sic
2744 616 2981 682 nempe
3028 598 3332 681 pudicum

1342 720 1403 760 25
1509 699 1790 785 perdidit
1833 700 2253 783 Hippolytum
2303 719 2428 763 non
2475 698 2635 763 felix
2682 719 2835 764 cura
2879 701 3167 785 pudoris.

1511 822 1546 867 e
1594 809 1812 867 contra
1856 801 2202 866 inlecebris
2247 802 2643 866 maculosam
2691 801 2929 885 degere
2974 803 3172 868 vitam

1508 925 1700 988 quem
1746 905 1953 985 iuvat,
2006 903 2282 987 aspiciat
2326 924 2568 988 poenas
2616 912 2681 970 et
2726 905 2997 970 crimina
3042 926 3298 990 regum,

1508 1010 1749 1074 Tereos
1795 1008 2026 1073 incesti
2073 1007 2177 1071 vel
2223 1007 2438 1073 mollis
2487 1007 2967 1093 Sardanapalli.

1507 1112 1845 1197 perfidiam
1893 1112 2097 1177 vitare
2143 1117 2403 1175 monent
2447 1111 2570 1176 tria
2616 1112 2859 1178 Punica
2905 1113 3116 1193 bella,

1339 1239 1398 1278 30
1509 1222 1606 1280 set
1649 1216 1948 1300 prohibet
1994 1235 2253 1281 servare
2299 1215 2492 1280 fidem
2542 1214 2758 1280 deleta
2803 1215 3146 1299 Saguntos.

1507 1319 1654 1383 vive
1699 1315 1764 1383 et
1807 1318 2125 1383 amicitias
2172 1336 2429 1402 semper
2474 1318 2646 1383 cole:
2706 1318 2944 1384 crimen
2990 1319 3069 1383 ob
3115 1319 3291 1385 istud

1509 1421 2053 1505 Pythagoreorum
2102 1420 2295 1504 periit
2342 1419 2564 1485 schola
2610 1421 2799 1486 docta
2844 1420 3212 1505 sophorum.

1507 1526 1627 1590 hoc
1671 1532 1964 1590 metuens
2010 1524 2209 1607 igitur
2253 1525 2470 1589 nullas
2517 1523 2690 1589 cole:
2746 1524 2985 1590 crimen
3031 1526 3113 1590 ob
3155 1525 3329 1592 istud

1508 1628 1738 1693 Timon
1784 1628 2095 1694 Palladiis
2141 1627 2292 1693 olim
2343 1628 2667 1713 lapidatus
2711 1628 3005 1695 Athenis,

1339 1755 1400 1795 :35
1509 1731 1782 1798 dissidet
1827 1732 2152 1815 ambiguis
2200 1752 2457 1816 semper
2501 1752 2680 1797 mens
2727 1732 2916 1797 obvia
2961 1733 3150 1798 votis.

1505 1856 1626 1900 nec
1671 1836 1955 1901 voluisse
2000 1835 2240 1900 homini
2287 1836 2449 1901 satis
2495 1843 2629 1900 est:
2683 1841 2903 1920 optata
2948 1844 3222 1902 recusat.

1508 1959 1652 2004 esse
1697 1939 1764 2004 in
1809 1939 2045 2004 honore
2092 1939 2341 2022 placet:
2396 1961 2543 2005 mox
2590 1940 2878 2022 paenitet
2921 1960 3029 2020 ac,
3087 1941 3402 2006 dominari

1507 2048 1576 2106 ut
1620 2042 1855 2126 possit,
1913 2043 2155 2107 servire
2202 2042 2396 2107 volet.
2497 2043 2669 2107 idem
2715 2050 2943 2108 auctus
2991 2044 3227 2109 honore

1505 2145 1792 2210 invidiae
1840 2145 2133 2210 obicitur.
2228 2166 2472 2229 pernox
2518 2153 2617 2211 est
2662 2166 2815 2211 cura
2861 2146 3155 2227 disertis,

1335 2271 1396 2311 ιο
1506 2255 1604 2314 set
1647 2248 1825 2315 rudis
1871 2256 2096 2314 ornatu
2143 2249 2314 2314 vitae
2362 2258 2559 2316 caret.
2655 2256 2792 2316 esto
2840 2258 3180 2334 patronus,

1504 2360 1569 2418 et
1615 2351 1889 2417 defende
1934 2373 2114 2417 reos:
2167 2357 2267 2418 set
2313 2353 2525 2435 gratia
2569 2374 2715 2418 rara
2760 2353 3039 2420 clientis.

1504 2461 1642 2520 esto
1688 2454 1923 2519 cliens:
1974 2455 2194 2538 gravis
2239 2455 2527 2540 imperiis
2575 2475 2850 2542 persona
2896 2457 3170 2542 patroni.

1504 2563 1804 2622 exercent
1848 2557 2018 2623 hunc
2063 2565 2214 2624 vota
2257 2567 2539 2643 patrum:
2596 2579 2744 2624 mox
2790 2578 3023 2644 aspera
3070 2559 3239 2625 curis

1503 2659 1868 2724 sollicitudo
1915 2661 2106 2725 subit.
2202 2663 2624 2728 contemnitur
2667 2662 2825 2727 orba
2870 2669 3168 2728 senectus

1331 2787 1394 2828 45
1502 2769 1566 2827 et
1610 2763 1956 2846 captatoris
2003 2764 2250 2847 praeda
2297 2774 2400 2831 est
2442 2765 2701 2831 heredis
2747 2784 3017 2848 egenus.

1503 2867 1700 2931 vitam
1745 2887 1976 2950 parcus
2024 2890 2224 2951 agas:
2279 2870 2454 2935 avidi
2502 2869 2869 2935 lacerabere
2917 2869 3111 2934 fama.

1502 2977 1565 3035 et
1610 2970 1976 3053 largitorem
2023 2973 2285 3055 gravius
2335 2994 2607 3039 censura
2652 2973 2920 3039 notabit.

1504 3082 1732 3140 cuncta
1776 3075 1890 3141 tibi
1937 3074 2227 3141 adversis
2274 3077 2592 3142 contraria
2640 3077 2919 3142 casibus.
3017 3096 3168 3159 ergo

1002 3285 1068 3335 25
1105 3287 1324 3336 Paullin.
1356 3287 1480 3335 Pell.
1512 3300 1660 3334 carm.
1704 3285 1850 3334 euch.
1892 3283 1991 3332 233
2031 3299 2129 3333 non
2168 3286 2294 3333 felix
2332 3301 2453 3334 cura
2487 3288 2673 3335 laboris
2849 3284 2914 3334 35
2954 3286 3171 3333 Paullin.
3214 3285 3338 3332 Pell.
3380 3299 3527 3333 carm.
3570 3287 3716 3336 euch.
3760 3287 3860 3338 278
3899 3291 4097 3352 saepius

830 3378 882 3419 et
918 3375 1129 3435 propriis
1165 3380 1363 3421 certans
1401 3387 1543 3421 mens
1581 3373 1724 3421 obvia
1763 3373 1889 3418 votis

1003 3563 1067 3613 25
1106 3565 1379 3627 ippolitum
1417 3563 1465 3625 V,
1508 3563 1790 3624 hipolytum
1820 3562 1880 3624 P,
1919 3564 2244 3625 hyppolytum
2273 3581 2324 3627 ν,
2365 3564 2603 3626 ipolitum
2628 3561 2684 3623 92
2894 3577 2995 3611 uon
3023 3560 3200 3629 foelix]
3238 3563 3419 3610 infelix
3446 3562 3492 3608 P
3697 3563 3762 3612 26
3802 3579 3829 3611 e
3867 3569 4003 3614 cotra
4037 3568 4088 3628 V,

829 3655 881 3698 at
905 3656 1074 3699 contra
1098 3655 1186 3700 cet.
1217 3653 1361 3711 volqo
1535 3650 1786 3699 illecebris
1816 3647 1910 3710 1³92
1940 3648 2085 3697 Vm.⁴
2259 3651 2428 3711 digere
2456 3650 2512 3713 P,
2544 3651 2725 3698 ducere
2750 3649 2806 3711 92
2845 3648 2988 3698 Ven.⁴
3012 3651 3154 3709 υοῑ9ο
3329 3647 3393 3696 27
3433 3661 3583 3709 quom
3613 3665 3645 3695 ν
3820 3652 3963 3698 uiuat
3989 3653 4032 3698 P

830 3737 995 3798 aspice
1018 3742 1072 3784 et
1096 3736 1155 3784 ad
1181 3751 1337 3797 penas
1366 3736 1443 3783 Ρν
1470 3737 1546 3797 (in
1570 3750 1664 3797 quo
1688 3735 1887 3797 poenas]
1919 3733 1973 3796 9²
2005 3734 2151 3786 Vm.⁴
2360 3736 2425 3785 28
2463 3738 2667 3808 thereos.
2696 3738 2738 3783 V
2762 3737 2812 3796 (h
2838 3737 2982 3807 ene),
3010 3741 3144 3788 terso
3173 3734 3217 3780 Ρ
3422 3736 3677 3783 incaseati
3719 3736 3756 3782 V
3781 3737 3849 3796 (es
3874 3739 4020 3797 erus.)

827 3822 1188 3884 sardanappalli
1223 3820 1278 3883 92
1486 3821 1551 3869 29
1589 3823 1752 3869 uitare
1787 3818 1842 3882 9²
1879 3823 1948 3880 (ui
1972 3836 2031 3869 ea·
2058 3823 2162 3884 mu)
2380 3808 2705 3878 mons-tt.t1¹¹⁸,
2747 3824 2786 3870 V
2820 3809 2945 3882 (tirm
2968 3819 3042 3869 m2
3066 3825 3119 3869 in
3141 3823 3260 3882 ras.)
3479 3820 3546 3868 30
3584 3826 3663 3870 set
3711 3823 3766 3884 V,
3806 3824 3890 3871 sed
3930 3829 4019 3872 cet.

829 3889 1150 3969 sagitbos⁰V,
1192 3913 1466 3968 saguuntos
1504 3907 1564 3969 P,
1604 3909 1876 3968 sagunthos
1915 3907 2002 3968 ν92
2211 3907 2267 3956 31
2313 3911 2443 3958 istut
2487 3909 2527 3955 V
2744 3908 2808 3957 32
2847 3910 3208 3969 pitagoreorum
3257 3905 3363 3966 1292,
3409 3912 3790 3968 pytagoreorum
3831 3908 3887 3969 P,
3930 3887 4092 3970 pitho-

826 4007 1081 4054 gareorum
1109 4009 1141 4040 ν
1349 3994 1477 4041 scola
1514 3992 1624 4052 V92,
1664 3994 1829 4041 schala
1857 3994 1899 4039 P
2104 3996 2245 4043 docto
2273 3995 2319 4041 P
2524 3995 2587 4044 33
2628 3991 2883 4060 metuens]
2921 3999 3056 4041 metu
3098 4007 3187 4040 nos
3230 3995 3346 4050 (om.
3379 3992 3622 4053 igitur)*1>
3829 3987 4014 4052 crime¹¹
4058 3998 4099 4042 V

828 4079 877 4140 (n
914 4078 1003 4142 m2)
1235 4086 1343 4127 stut
1388 4082 1430 4127 V
1668 4080 1732 4128 34
1772 4080 1992 4142 pallidiis
2039 4082 2079 4128 V
2320 4081 2384 4129 35
2421 4084 2532 4130 obis
2579 4082 2619 4128 V
2857 4081 2922 4128 3ss
2959 4082 3125 4129 obtata
3170 4079 3257 4126 VP
3498 4085 3731 4127 recusant
3766 4078 3903 4141 Ρν92
3950 4081 4093 4129 ΥιπᾺ

827 4165 890 4213 37
930 4157 1422 4230 penitssmvdominari
1470 4167 1521 4226 V,
1563 4168 1761 4229 penitet
1796 4173 1849 4214 et
1886 4167 2132 4234 dominari
2166 4165 2303 4227 Ρν92
2353 4166 2513 4229 Υοπ.4,
2557 4171 2784 4231 paenitet
2821 4183 2875 4216 ac
2912 4169 3082 4227 scripsi
3349 4163 3413 4213 38
3450 4166 3646 4227 possint
3682 4167 3873 4214 seruire
3911 4169 4093 4216 uolunt

825 4251 964 4302 codd.
1006 4266 1130 4301 corr.
1181 4254 1292 4300 Tou
1499 4252 1564 4300 39
1600 4253 1839 4300 imuidiae
1883 4254 1925 4300 V
2130 4255 2344 4302 desertis
2383 4254 2426 4301 P
2656 4255 2721 4303 40
2759 4259 2802 4301 et
2841 4254 2898 4302 41
2944 4259 3021 4301 set
3069 4254 3123 4315 V,
3165 4252 3253 4302 sed
3288 4257 3377 4299 cet.
3603 4251 3667 4301 42
3704 4253 3904 4315 imperii
3951 4252 4095 4302 Ven.⁴

822 4340 966 4400 volyo
1092 4327 1108 4335 ’
1190 4339 1254 4389 44
1293 4341 1577 4387 contenitur
1611 4339 1681 4401 P;
1723 4344 1814 4386 aut
1849 4344 2138 4400 corruptum
2173 4344 2244 4388 est
2280 4342 2618 4389 contemnitur
2653 4346 2742 4388 aut
2778 4339 2907 4402 quod
2942 4342 3043 4386 veri
3079 4340 3291 4386 similius
3328 4343 3400 4385 est
3433 4343 3545 4398 post
3581 4338 3721 4386 subit
3756 4338 3854 4386 duo
3894 4341 4092 4386 interci-

822 4424 1003 4473 derunt
1038 4425 1359 4487 hmistichia,
1397 4424 1573 4488 quibus
1608 4439 1774 4472 eorum
1812 4428 1897 4486 qui
1934 4426 2099 4474 liberis
2132 4427 2308 4488 florent
2343 4430 2523 4474 misera
2558 4441 2662 4474 sors
2707 4426 3083 4486 siqnificabatur
3316 4423 3381 4471 45
3419 4424 3739 4484 captatatoris
3778 4423 3835 4486 P,
3881 4426 4093 4488 captoris

823 4508 878 4570 92
1086 4511 1250 4558 eredis
1286 4501 1491 4571 etgen's
1539 4512 1579 4558 V
1794 4511 1857 4559 47
1898 4513 2096 4559 notauit
2128 4512 2182 4572 V,
2223 4514 2417 4560 notabis
2460 4514 2503 4559 P
2710 4519 2761 4560 at
2798 4511 3041 4559 Graevius
3080 4510 3253 4571 Delph.
3473 4508 3537 4557 48
3575 4510 3672 4557 sibi
3716 4511 3911 4557 Gronov
3950 4512 4093 4570 volyo

826 4597 890 4645 50
930 4603 1018 4644 aut
1057 4601 1231 4645 natum
1278 4599 1334 4659 V,
1374 4605 1548 4646 natum
1586 4604 1672 4644 aut
1708 4602 1802 4647 cet.
1846 4600 1988 4657 volyo
2169 4600 2229 4645 In
2270 4596 2404 4658 Ρνς]2
2436 4604 2546 4661 post
2583 4617 2631 4648 v.
2675 4598 2740 4646 50
2777 4599 2892 4646 haec
2928 4603 3045 4646 sunt
3082 4597 3298 4645 adiecta.-

928 4684 1061 4731 Haec
1085 4684 1289 4744 quidem
1315 4683 1631 4744 pythagorica
1655 4690 1733 4732 est
1757 4685 2024 4747 apophasis
2587 4686 2690 4732 Nec
2714 4691 2880 4733 tamen
2909 4687 3156 4732 inc-assum
3185 4685 3260 4730 fas
3286 4688 3364 4731 est
3390 4695 3479 4729 nos
3504 4682 3705 4729 credere
3729 4688 3873 4729 natos
3893 4719 3904 4741 ,

926 4753 1203 4800 secundum
1227 4754 1325 4800 tale
1351 4754 1480 4813 quod
1509 4755 1791 4801 subiectum
1817 4759 1897 4800 est
1920 4755 2195 4801 distichon:
2589 4756 2855 4802 Auctorem
2882 4755 2993 4816 uite
3019 4756 3061 4801 si
3086 4754 3280 4800 iustum
3307 4751 3559 4799 credimus
3586 4764 3696 4798 esse
3714 4787 3726 4809 ‚

924 4826 1101 4890 πρῶτα
1126 4819 1218 4887 μὲν
1249 4822 1321 4890 μὴ
1390 4824 1503 4872 ὔναι
1528 4820 1578 4872 ἐν
1605 4819 1945 4890 ἀνθρώποισιν
1970 4819 2204 4888 ἄριστον,
2490 4833 2545 4872 lo
2589 4823 2707 4870 Vita
2732 4823 2830 4870 alia
2853 4829 2933 4870 est
2959 4823 3099 4870 nobis
3126 4823 3196 4869 illi
3225 4821 3445 4869 uiuendo
3470 4820 3689 4882 paranda
3709 4857 3721 4880 ,

924 4887 1155 4958 δεύτερον
1181 4886 1286 4939 ὅττι
1308 4909 1337 4941 τ
1371 4907 1522 4959 χιστα
1548 4888 1711 4947 πύλας
1731 4884 1913 4941 Ἀίδαο
1941 4895 2173 4958 περῆσαι.
2587 4892 2713 4941 Cum
2740 4906 2838 4952 quo
2864 4897 2977 4953 post
3002 4893 3149 4938 istam
3176 4893 3427 4952 possimus
3456 4890 3634 4937 uiuere
3659 4891 3837 4937 uitam.

859 4971 884 5009 5
923 4959 1107 5008 Contra
1132 4959 1216 5008 sed
1244 4961 1452 5008 alterius
1480 4967 1694 5010 sectator
1718 4961 1962 5020 dogmatis
1988 4962 2084 5008 ista
2586 4959 2828 5023 †Illaque
2855 4962 3040 5019 stygias
3065 4965 3333 5022 properent
3358 4959 3663 5006 descendere
3688 4957 3748 5005 ad
3778 4960 3980 5008 umbras
3997 4997 4009 5020 ,

925 5028 1066 5086 Quod
1092 5029 1264 5077 doceat
1288 5031 1557 5091 reprobans
1581 5030 1787 5078 subdita
1812 5030 1953 5077 disce
1978 5029 2178 5088 legens:
2586 5030 3000 5089 Pythagoreorum
3029 5029 3267 5077 stolidum
3294 5029 3381 5089 qui
3406 5029 3579 5088 dogma
3605 5028 3766 5074 secuti

921 5098 1050 5157 Ergo
1075 5098 1204 5145 nihil
1231 5100 1470 5160 quoniam
1497 5100 1604 5146 uita
1628 5105 1707 5147 est
1731 5099 1862 5160 quod
1888 5112 2112 5146 amemus
2139 5099 2191 5144 in
2219 5098 2317 5146 ista
2587 5099 2696 5147 Non
2722 5100 2859 5146 nasci
2887 5113 2998 5146 sese
3024 5112 3172 5159 quarn
3202 5103 3342 5145 natos
3370 5098 3546 5145 uiuere
3580 5096 3776 5144 malint.

995 5182 1124 5232 1-4
1161 5197 1255 5231 om.
1287 5182 1371 5246 9²3
1412 5201 1491 5233 vv.
1528 5184 1549 5234 1
1580 5199 1653 5246 sq.
1683 5187 1738 5233 in
1777 5201 1809 5231 ν
1846 5187 1901 5233 in
1935 5200 2035 5244 my.
2065 5187 2263 5232 sinistro
2298 5187 2469 5246 scripti
2509 5184 2707 5233 evanidi
2742 5190 2857 5233 aunt
2897 5188 2986 5244 ita,
3024 5190 3080 5231 ut
3120 5185 3236 5232 laacc
3274 5189 3471 5233 temtum
3508 5184 3605 5242 leyi
3635 5183 3863 5241 possint.-
3904 5183 4091 5241 Pytha-

817 5282 963 5330 gorea
1003 5257 1294 5331 apoph‘asis
1334 5308 1344 5319 .
1380 5309 1390 5319 .
1425 5307 1438 5321 .
1470 5308 1482 5321 .
1525 5271 1770 5332 disticon,
1826 5274 1878 5318 in
1922 5286 2020 5330 my.
2064 5271 2229 5318 dextro
2278 5273 2439 5320 latina
2487 5273 2678 5320 adiecta
2724 5278 2793 5318 eat
2841 5288 2919 5319 vv.
2964 5273 2994 5319 3
3019 5287 3088 5333 sq.
3134 5274 3468 5332 interpretatio
3529 5269 3609 5334 (cf.
3662 5267 3719 5317 G.
3769 5270 3918 5316 Goetz
3958 5271 4094 5320 Arm.

813 5346 984 5406 philol.
1031 5347 1227 5393 CXVII
1264 5349 1382 5409 768)
1622 5350 1934 5411 poetagorica
1971 5350 2187 5411 apofasis
2226 5349 2269 5396 P
2513 5350 2541 5397 3
2583 5355 2783 5418 πρῶτον
2824 5351 3012 5411 Pciper,
3056 5348 3258 5399 πάντων
3306 5348 3488 5421 (ἀρχὴν
3527 5357 3663 5408 Seob.
3712 5361 3843 5409 Flor.
3892 5363 4028 5410 CXX
4064 5368 4093 5410 4

817 5425 923 5484 alii)
958 5421 1051 5490 μὲν
1079 5423 1152 5491 μὴ
1181 5427 1330 5492 φῦναι
1355 5422 1715 5495 ἐπιχθονίοισιν
1747 5427 1961 5487 Thcoyn.
1994 5429 2093 5476 425
2287 5445 2456 5496 φοιναι
2484 5428 2528 5474 Ρ
2715 5441 3047 5496 ανερωποιοιν
3076 5429 3119 5475 Ρ
3327 5431 3358 5478 4
3395 5426 3600 5500 ὃευτρον
3630 5438 3674 5485 Ρ
3883 5437 3962 5490 ὅτι
3994 5457 4026 5488 ν

818 5497 978 5568 φύντα
1003 5492 1058 5550 δ’
1083 5495 1222 5556 ὅπως
1248 5501 1438 5552 ὤκιστα
1468 5503 1681 5564 Τὴεο9π.
1713 5506 1811 5552 497
2010 5499 2306 5554 πυλα.ι.δαο
2336 5505 2393 5567 Ρ,
2422 5501 2718 5555 πυλαοαδαο
2748 5521 2780 5552 ν
2972 5519 3196 5572 πορηοαι
3223 5507 3283 5567 Ρ,
3313 5522 3525 5577 περασαι
3556 5528 3588 5559 ν
3798 5515 3829 5563 6
3867 5516 4004 5577 quod
4029 5516 4085 5576 P,

817 5577 939 5640 quid
980 5573 1067 5639 ν92
1243 5577 1270 5625 7
1310 5580 1382 5625 nil
1413 5577 1470 5637 92
1643 5578 1675 5628 8
1711 5581 1763 5627 in
1801 5595 1968 5628 casum
1996 5580 2041 5627 P
2212 5580 2243 5629 9
2280 5587 2504 5629 autorem
2534 5582 2577 5629 P
2754 5581 2813 5630 10
2852 5584 2997 5630 nobis
3034 5587 3111 5629 est
3143 5579 3200 5642 92
3378 5583 3436 5633 12
3478 5587 3662 5650 illaque
3691 5588 3748 5652 P,
3792 5591 3875 5637 illi
3911 5597 4083 5640 autem

823 5653 925 5717 1292,
979 5656 1055 5703 illi
1092 5655 1331 5716 equidem
1368 5654 1560 5718 Peiper,
1613 5671 1681 5704 an
1715 5658 1791 5705 illi
1827 5663 1906 5706 ast
1941 5658 2078 5707 iam?
2310 5660 2483 5721 stigias
2521 5657 2617 5719 1³92
2867 5658 2926 5707 13
2965 5661 3333 5722 pitagoreorum
3372 5659 3486 5725 1³92,
3537 5665 3945 5730 pithagoreorum
3984 5684 4018 5718 ν

815 5733 937 5798 quid
975 5733 1021 5783 Ρ
1230 5731 1291 5785 14
1330 5728 1464 5800 sese]
1500 5746 1611 5782 esse
1649 5732 1695 5782 P
1897 5736 2100 5785 mallint
2136 5735 2193 5797 P,
2235 5736 2431 5785 malunt
2470 5734 2559 5801 ¹²9²
2773 5737 2914 5788 Finis
2949 5734 3005 5800 9²
