4630 6435
878 448 962 508 36
2355 444 2657 498 AVSONII

1349 870 1582 966 XIII.
1652 868 1969 965 LIBER
2031 864 2835 965 PROTREPTICVS
2899 867 3051 963 AD
3116 866 3654 964 NEPOTEM.

1849 1099 1914 1165 1.
1961 1096 2388 1164 AVSONIVS
2432 1096 2854 1163 HESPERIO
2899 1097 3154 1164 FILIO.

1055 1273 1100 1335 l
1106 1273 1387 1351 ibellum,
1443 1293 1633 1354 quem
1665 1272 1750 1338 ad
1780 1272 2155 1357 nepotulum
2188 1289 2422 1349 meum,
2476 1269 2709 1335 sororis
2738 1276 2889 1335 tuae
2920 1270 3146 1353 filium,
3183 1269 3391 1335 instar
3420 1270 3785 1355 protreptici
3818 1273 4118 1353 luseram
4163 1280 4251 1328 32¹
4310 1353 4315 1359 1

877 1383 1178 1440 venturus
1222 1376 1362 1460 ipse
1409 1376 1715 1460 praemisi
1762 1374 2131 1459 legendum.
2228 1375 2347 1440 hoc
2392 1373 2560 1438 enim
2607 1374 2808 1438 malui
2853 1395 3044 1457 quam
3089 1374 3230 1459 ipse
3290 1374 3591 1453 recitare,
3661 1382 3836 1439 esset
3890 1382 3961 1439 ut
4012 1375 4126 1439 tibi
4163 1349 4317 1407 (VM

876 1498 1147 1543 censura
1192 1479 1474 1561 liberior,
1527 1500 1695 1562 quae
1742 1479 1990 1545 duabus
2039 1477 2252 1543 causis
2298 1477 2596 1562 impediri
2631 1479 2830 1543 solet·
2883 1476 3054 1559 quod
3084 1497 3275 1542 aures
3304 1484 3558 1542 nostras
3590 1477 3813 1542 audita
3844 1478 4130 1543 velocius

873 1603 1065 1664 quam
1134 1583 1302 1648 lecta
1367 1589 1779 1667 praetereunt
1844 1590 1908 1648 et
1974 1581 2142 1665 quod
2203 1581 2538 1647 sinceritas
2599 1580 2928 1647 iudicandi
2989 1581 3358 1666 praesentia
3416 1581 3744 1646 recitantis
3803 1589 4122 1646 oneratur.

877 1705 1046 1750 nunc
1090 1686 1205 1750 tibi
1267 1693 1603 1770 utrumque
1664 1686 1980 1769 integrum
2042 1691 2173 1767 est,
2235 1684 2389 1766 quia
2449 1691 2514 1751 et
2570 1684 2811 1768 legenti
2873 1684 3079 1750 libera
3123 1703 3301 1751 mora
3346 1692 3445 1750 est
3489 1691 3554 1750 et
3595 1684 3954 1750 iudicaturo
4001 1705 4128 1749 non
4169 1704 4195 1743 ε»

875 1790 1087 1854 obstat
1129 1788 1328 1854 nostri
1376 1789 1789 1855 verecundia.
1885 1795 1981 1854 set
2025 1789 2186 1854 heus
2231 1796 2321 1870 tu,
2375 1788 2468 1852 fili
2516 1788 2907 1867 dulcissime,
2964 1789 3173 1853 habeo
3216 1787 3388 1871 quod
3418 1788 3823 1853 admoneam.
3918 1788 4131 1871 siqua

874 1892 993 1957 tibi
1037 1892 1102 1956 in
1148 1893 1248 1958 his
1293 1892 1632 1958 versiculis
1679 1892 2066 1957 videbuntur
2123 1894 2289 1973 (nam
2338 1912 2585 1972 vereor,
2641 1900 2709 1957 ut
2739 1893 2943 1957 multa
2987 1892 3133 1975 sint)
3188 1891 3465 1957 fucatius
3512 1892 3894 1957 concinnata
3939 1911 4128 1973 quam

881 1994 1096 2060 verius
1143 2002 1207 2060 et
1253 1997 1400 2079 plus
1447 1995 1675 2059 coloris
1722 2016 1915 2077 quam
1962 1994 2097 2060 suci
2143 1994 2399 2075 habere,
2454 1994 2597 2079 ipse
2629 1995 2841 2060 sciens
2872 1993 3071 2059 fluere
3106 1994 3388 2078 permisi,
3440 1994 3785 2060 venustula
3816 2001 3886 2060 ut
3915 2000 4132 2060 essent

877 2097 1083 2180 magis
1143 2117 1335 2179 quam
1397 2098 1725 2177 forticula,
1792 2098 1995 2163 instar
2055 2098 2412 2182 virginum,
2482 2118 2644 2180 quas
2698 2104 2932 2163 matres
2991 2096 3250 2163 student
3311 2096 3610 2163 demissis
3671 2098 3910 2163 umeris
3956 2117 4119 2178 esse,

875 2201 1085 2266 vincto
1129 2207 1405 2285 pectore,
1460 2208 1530 2267 ut
1574 2201 1853 2285 graciles
1898 2201 2085 2267 sient.
2179 2201 2349 2266 nosti
2395 2208 2632 2267 cetera.
2714 2208 3008 2286 superest
3037 2201 3254 2285 igitur,
3308 2208 3377 2265 ut
3408 2199 3623 2267 dicas:
3674 2200 3831 2285 quid
3859 2201 4128 2266 moraris
4170 2220 4225 2261 ιο

876 2304 1329 2371 iudicationem
1377 2325 1586 2370 meam
1634 2305 1714 2370 de
1761 2326 1870 2387 ec,
1937 2304 2109 2388 quod
2168 2304 2307 2390 ipse
2356 2304 2733 2389 pronuntias
2778 2324 2924 2371 esse
2971 2305 3392 2370 mendosum?
3479 2304 3688 2370 dicam
3737 2304 3986 2370 scilicet
4029 2324 4128 2369 me

881 2407 1247 2473 huiusmodi
1307 2407 1601 2473 versibus
1663 2407 1817 2473 foris
1877 2410 2282 2489 erubescere,
2354 2416 2453 2473 set
2510 2408 2679 2474 intra
2737 2428 2854 2474 nos
2900 2408 3111 2474 minus
3156 2408 3611 2474 verecundari:
3676 2427 3954 2491 namque
4015 2428 4132 2491 ego

883 2512 1044 2577 haec
1089 2512 1274 2575 annis
1317 2510 1493 2575 illius
1539 2510 1750 2594 magis
1794 2532 1988 2593 quam
2035 2512 2194 2577 meis
2241 2511 2469 2597 scripsi
2514 2517 2626 2577 aut
2671 2512 2943 2577 fortasse
2989 2518 3054 2577 et
3096 2513 3288 2578 meis:
3346 2511 3434 2585 δὶς
3478 2514 3689 2585 παῖδες
3735 2513 3791 2575 οἱ
3835 2511 4127 2597 γέροντες.

877 2613 964 2678 ad
1008 2633 1321 2679 summam
1368 2614 1585 2680 valeat
1628 2613 1972 2681 austeritas
2016 2621 2163 2680 tua:
2215 2614 2371 2679 mihi
2418 2634 2560 2680 cum
2605 2614 2851 2681 infante
2897 2615 3059 2682 ratio
3107 2621 3225 2681 est.
3319 2617 3487 2697 vale,
3541 2615 3635 2680 fili
3679 2614 4075 2681 dulcissime.

1899 2890 1965 2956 2.
2011 2889 2129 2955 AD
2174 2891 2586 2958 NEPOTEM
2630 2890 3097 2957 AVSONIVM.

1547 3065 1711 3129 Sunt
1757 3063 1949 3129 etiam
1996 3062 2197 3128 musis
2245 3083 2365 3128 sua
2409 3063 2693 3129 ludicra:
2745 3063 2948 3129 mixta
2992 3064 3274 3129 camenis
3635 3083 3733 3132 322
3778 3085 3964 3145 (Edyn.
4008 3085 4125 3143 1111)

1546 3167 1678 3234 otia
1725 3174 1899 3248 sunt,
1956 3166 2200 3233 mellite
2245 3186 2483 3252 nepos,
2539 3186 2658 3233 nec
2704 3186 2959 3252 semper
3004 3167 3221 3234 acerbi

1546 3279 1804 3338 exercet
1847 3291 2081 3355 pueros
2126 3292 2253 3336 vox
2297 3270 2645 3355 imperiosa
2689 3271 3016 3354 magistri,

1550 3379 1651 3438 set
1692 3374 1912 3456 requie
1958 3374 2281 3458 studiique
2327 3375 2502 3440 vices
2547 3380 2689 3441 rata
2731 3382 3021 3459 tempora
3065 3382 3346 3441 servant.

1413 3498 1438 3538 ⁵
1548 3485 1615 3545 et
1657 3478 1815 3544 satis
1860 3486 1961 3544 est
2003 3499 2200 3564 puero
2244 3479 2512 3545 memori
2557 3479 2797 3563 legisse
2843 3479 3118 3545 libenter

1547 3588 1613 3648 et
1654 3601 1908 3648 cessare
1954 3582 2137 3648 licet:
2194 3582 2392 3648 Graio
2439 3582 2661 3648 schola
2703 3582 2957 3649 nomine
3005 3581 3178 3649 dicta
3222 3588 3355 3662 est,

1048 3858 1194 3907 xlll.
1238 3854 1296 3910 1.
1368 3859 1399 3907 9
1438 3860 1548 3908 Ter.
1595 3822 1818 3909 Eun-0¹¹
1859 3860 1908 3921 3,
1952 3858 2016 3908 22
2063 3859 2198 3922 (313)
2227 3876 2302 3923 sq.
2365 3875 2487 3923 ques
2525 3866 2706 3909 matres
2744 3860 2955 3908 student
2989 3860 3223 3909 demissis
3266 3860 3509 3921 (dimissis
3552 3859 3734 3908 Donat.
3775 3864 3822 3906 et
3859 3859 4121 3919 Eum-aph.)

876 3946 1061 3992 umeris
1096 3958 1224 4008 esse,
1268 3946 1432 3993 vincto
1467 3951 1692 4010 pectore,
1731 3952 1791 3995 ut
1826 3947 2036 4009 graciles
2076 3946 2211 3995 sient

1050 4204 1197 4252 XIII.
1241 4201 1299 4256 1·
1372 4205 1520 4267 lffipt
1555 4205 1684 4253 liber
1706 4211 1795 4256 etc.
1838 4207 1891 4266 V,
1934 4206 2122 4266 Incipit
2146 4206 2362 4267 epistole
2385 4206 2444 4253 ad
2471 4206 2737 4267 Esperium
2764 4207 2924 4254 fllium
2954 4206 3011 4268 P,
3054 4206 3240 4267 Incipit
3272 4206 3382 4266 (om.
3413 4204 3552 4265 muv)
3581 4205 3933 4267 protrepticus.
3976 4205 4128 4251 Auso-

878 4293 997 4339 nius
1025 4292 1269 4352 Hesperio
1294 4292 1397 4342 fllio
1422 4305 1512 4340 suo
1545 4292 1653 4354 (suo
1676 4307 1778 4341 om.
1808 4289 1852 4352 λ)
1889 4307 1930 4340 ω
2146 4289 2167 4338 1
2209 4305 2360 4354 quem
2386 4305 2479 4342 om.
2519 4292 2560 4338 Τ
2760 4306 2927 4340 meum
2952 4305 3053 4340 om.
3088 4291 3129 4337 Τ
3320 4292 3612 4353 protreptici
3649 4293 3702 4353 V,
3744 4305 4064 4358 προτρεπτικι
4089 4288 4131 4335 Ρ

875 4375 905 4424 2
945 4377 1148 4437 promisi
1189 4392 1230 4425 ω
1440 4378 1563 4425 haec
1604 4375 1676 4425 Τλ
1888 4377 1917 4425 3
1956 4378 2154 4426 liborior
2190 4378 2234 4425 P
2443 4374 2615 4443 sures]
2652 4391 2729 4426 res
2760 4378 2802 4424 Τ
3007 4377 3035 4426 4
3074 4392 3173 4439 qua
3208 4378 3249 4424 V
3453 4378 3619 4426 oculos
3643 4378 3771 4424 lecta
3797 4375 4062 4424 Mommsen

874 4458 949 4527 et]
985 4475 1042 4510 eo
1075 4462 1116 4508 Τ
1286 4463 1556 4513 honeratur
1591 4465 1631 4511 V
1838 4464 1868 4512 5
1907 4469 1983 4511 est
2009 4465 2127 4525 qnia
2158 4501 2169 4512 .
2202 4499 2215 4513 .
2249 4500 2259 4511 .
2289 4464 2573 4511 iudicaturo
2599 4479 2692 4512 om.
2721 4479 2763 4512 ω
2940 4464 3129 4523 legenti
3155 4465 3249 4511 tibi
3279 4463 3411 4511 Seal.
3443 4465 3581 4524 volvo
3791 4462 3822 4511 6
3860 4463 3948 4512 sed
3978 4461 4059 4511 Ρω

874 4563 966 4596 eus
1005 4543 1046 4597 ti
1096 4549 1137 4595 V
1173 4549 1221 4608 (v
1257 4546 1347 4607 m2)
1596 4550 1938 4598 adremoneam
1976 4549 2021 4596 P
2261 4550 2288 4598 ’ἰ
2330 4551 2383 4597 in
2420 4551 2501 4598 his
2539 4587 2550 4598 .
2586 4586 2596 4597 .
2633 4587 2644 4598 .
2688 4556 2746 4598 ut
2782 4564 2878 4598 om.
2921 4567 2963 4600 ω
3181 4526 3283 4597 -his
3331 4550 3371 4596 V
3410 4549 3458 4608 (h
3494 4546 3583 4608 m2)
3820 4550 3983 4597 multu
4022 4548 4062 4595 Τ

872 4624 1123 4682 tucavtius
1161 4635 1214 4694 V,
1255 4637 1368 4683 fuce
1392 4636 1538 4683 cuius
1569 4635 1610 4680 Τ
1817 4637 2073 4684 concinats
2100 4635 2145 4682 P
2351 4634 2382 4684 8
2419 4636 2602 4686 habere
2628 4651 2777 4698 quam
2805 4638 2909 4685 suci
2940 4635 2985 4683 P
3189 4638 3325 4684 succi
3359 4636 3400 4681 Τ
3598 4636 3717 4684 flere
3745 4635 3789 4682 P
3982 4639 4061 4684 est
4090 4635 4129 4682 Τ

876 4719 907 4768 9
945 4721 1159 4769 ferticila
1197 4721 1241 4768 P
1449 4721 1672 4769 dimissis
1721 4723 1760 4769 V
1799 4722 1832 4780 (i
1855 4737 1933 4782 pr.
1964 4719 2038 4768 m²
2062 4725 2113 4769 in
2139 4721 2260 4781 ras.)
2305 4720 2380 4770 Ρλ
2591 4700 2809 4770 ¹'umeris
2858 4724 2897 4768 V
2934 4724 2980 4784 <h
3007 4720 3123 4784 m‘2),
3164 4723 3386 4771 humeris
3426 4722 3512 4770 Ρω
3728 4722 3789 4770 10
3827 4722 3998 4771 uincto
4026 4759 4036 4770 .
4066 4756 4080 4771 .
4113 4757 4125 4770 .

879 4812 937 4854 ut
972 4820 1068 4855 om.
1106 4807 1147 4853 Τ
1357 4813 1413 4854 ut
1449 4808 1655 4867 graciles
1685 4845 1695 4854 .
1726 4843 1739 4857 .
1775 4843 1785 4854 .
1817 4814 1875 4855 ut
1913 4822 2011 4857 om.
2042 4803 2158 4872 λχΕ
2193 4807 2320 4867 (post
2345 4814 2541 4869 pectore
2568 4807 2738 4856 addito
2764 4809 2890 4868 esse)
3108 4811 3240 4857 uicto
3276 4810 3330 4871 V,
3371 4809 3545 4856 iuncto
3572 4807 3708 4871 PvE,
3747 4810 3926 4856 iunceo
3961 4809 4065 4855 lmu

878 4894 983 4940 sint
1008 4893 1053 4940 P
1257 4895 1391 4942 dicas
1425 4894 1465 4939 T
1495 4894 1610 4952 (icas
1636 4892 1708 4941 m¹
1737 4895 1791 4941 in
1813 4892 1934 4952 ms.)
2158 4891 2217 4941 12
2255 4894 2388 4941 modi
2424 4907 2520 4942 om.
2552 4894 2597 4941 P
2802 4894 2888 4942 sed
2915 4894 2960 4941 P
3164 4899 3242 4941 set
3269 4931 3280 4943 .
3314 4931 3326 4942 .
3362 4930 3374 4943 .
3405 4908 3494 4954 ego
3517 4907 3613 4941 om.
3646 4910 3688 4943 ω
3899 4899 4061 4955 nique
4096 4894 4137 4939 V

881 4977 941 5025 13
980 4980 1161 5026 scribsi
1197 4981 1238 5026 V
1443 4980 1569 5028 meis
1598 4980 1834 5041 (epatium
1858 4994 1940 5027 sex
1965 4978 2070 5038 fere
2096 4981 2388 5038 litterarum)
2430 4976 3316 5043 ἹὶῑΙΟΙΤᾶΙάΕΟΟΙΤΕῙ)ΟΗιΙΕΟΕ
3354 4982 3408 5038 V,
3449 4982 3547 5027 mei
3585 4980 3626 5027 si
3665 4980 4131 5031 ΔΙΟΠΑΙΔΕΟΟΙ·

878 5065 1228 5116 ΓΕΡΟΝΤΕΟ
1269 5065 1320 5124 Ρ,
1366 5067 1492 5113 meis
1529 5066 1664 5114 dicas
1704 5064 2392 5128 ΡΠΑΙΔΕωΙΤΕΡΟΝΤΕΟ
2430 5062 2501 5126 υἳ,
2545 5068 2669 5113 meis
2695 5066 2828 5113 dicas
2851 5080 2962 5113 cum
2986 5067 3171 5114 lacuna
3195 5071 3308 5128 cet„
3353 5067 3475 5114 meis
3501 5066 3636 5113 dicas
3663 5060 4132 5133 Πλιδεοοιτεροψεο

878 5150 921 5195 Ε
1187 5150 1246 5199 14
1285 5165 1477 5199 sumam
1517 5153 1685 5200 ualeat
1732 5154 1773 5199 V
1811 5153 1880 5215 (at
1915 5148 1989 5198 m²
2024 5154 2077 5198 in
2112 5152 2232 5212 ras.)
2500 5153 2769 5200 auctoritas
2806 5150 2879 5200 ed.
2928 5152 3035 5199 Tell
3072 5155 3214 5212 volyo
3478 5153 3698 5200 instante
3737 5148 3784 5210 λ,
3827 5153 3988 5200 Istam
4032 5152 4071 5197 T

875 5237 996 5284 ratio
1030 5241 1111 5285 est
1144 5251 1242 5287 om.
1282 5237 1366 5284 VP
1569 5239 1800 5301 Explicit
1835 5237 1963 5300 epl’a
2001 5238 2046 5285 P

1047 5317 1108 5373 2.
1180 5323 1255 5370 Ad
1293 5329 1526 5385 nepotem
1563 5325 1846 5372 Ausonium
1894 5325 1948 5386 V,
1991 5324 2176 5386 Incipit
2214 5338 2579 5392 προτρεπτικοε
2614 5324 2675 5372 sd
2713 5324 2993 5372 Ausonium
3032 5328 3267 5385 nepotem
3308 5322 3365 5383 P,
3418 5322 3495 5370 Ad
3533 5328 3768 5385 nepotem
3806 5324 4062 5372 Ausonius
4100 5320 4128 5371 λ

874 5414 920 5457 et
962 5409 1050 5455 TE
1089 5409 1161 5468 (in
1198 5409 1371 5471 quibus
1407 5409 1523 5459 aad.
1565 5411 1626 5458 de
1664 5411 1830 5460 studio
1866 5411 2090 5472 puerili),
2132 5411 2392 5458 Ausonius
2431 5412 2600 5471 nepoti
2640 5424 2729 5458 sno
2765 5425 2813 5469 v,
2866 5411 3063 5458 Decimi
3102 5410 3269 5469 Magni
3310 5410 3523 5458 Ausonii
3559 5409 3619 5456 ad
3658 5410 3956 5458 Censorium
3996 5409 4131 5468 Mag-

877 5511 998 5544 num
1035 5494 1317 5543 Ausonium
1356 5501 1589 5558 nepotem
1627 5511 1777 5545 suum
1814 5493 1867 5542 113
1908 5495 1994 5556 (cf.
2040 5498 2408 5556 inscriptionem
2451 5497 2752 5546 Genethliaci
2789 5492 3013 5562 [XIIII]
3051 5498 3104 5543 in
3141 5494 3196 5556 P)
3222 5533 3234 5557 ,
3293 5496 3492 5543 nullum
3528 5496 3707 5543 lemma
3744 5497 3881 5556 lmu,
3944 5496 4131 5544 Mellito

875 5582 1049 5643 nepoti
1087 5582 1332 5630 ausonius
1366 5578 1426 5642 p³
1650 5581 1668 5631 1
1713 5583 1902 5630 ludicri
1938 5582 1984 5629 P
2187 5583 2435 5630 camoenis
2477 5583 2518 5629 Τ
2726 5580 2756 5630 2
2795 5596 2960 5645 nepus
2997 5578 3091 5628 Ph³
3300 5583 3329 5631 3
3367 5595 3548 5643 pueros
3583 5595 3677 5631 om.
3732 5582 3774 5629 V
3980 5581 4010 5630 4
4045 5580 4130 5629 sed

875 5669 962 5717 Ρω
1173 5668 1373 5729 requies
1409 5667 1553 5717 codd.
1592 5682 1717 5717 corr.
1766 5669 1877 5717 Τοιι
2084 5668 2114 5716 5
2153 5668 2385 5716 lebenter
2431 5668 2472 5714 V
2508 5669 2648 5730 (corr.
2689 5664 2779 5728 m2)
2997 5666 3028 5715 6
3065 5673 3283 5716 cessaret
3324 5667 3365 5715 P
3571 5673 3709 5730 grato
3748 5683 3789 5717 ω
4007 5668 4132 5715 scola

886 5754 1032 5817 VPT,
1074 5755 1175 5803 sols
1211 5750 1240 5804 λ
1452 5755 1652 5802 nomina
1698 5756 1739 5802 V
1942 5761 2021 5803 est
2068 5756 2108 5802 V
2144 5750 2237 5816 (m2
2272 5756 2327 5802 in
2363 5756 2466 5802 loco
2503 5753 2751 5815 evanida),
2796 5758 2874 5801 est
2909 5767 3007 5804 om.
3050 5756 3066 5802 l
