4630 6435
1736 434 2158 490 EPISTVLAE
2199 434 2558 499 (VIIII—XI)
2571 477 2583 488 .
3667 436 3687 495 1
3704 435 3785 496 69

1205 624 1422 689 dulcia
1468 623 1698 690 secreti
1744 631 2115 709 repetantur
2159 631 2229 690 ut
2272 625 2403 689 otia
2446 623 2647 705 ruris,

1375 728 1568 810 nugis
1612 728 1822 792 amica
1864 748 1942 793 ac
1986 728 2207 807 seriis,

1204 839 1491 916 tempora
1537 831 1844 916 disponas
1889 832 1997 896 ubi
2044 839 2111 896 tu
2156 839 2269 897 tua
2310 833 2542 915 iusque
2587 838 2766 896 tuum
2813 830 2924 909 sit,

1380 943 1449 1000 ut
1492 936 1583 1000 nil
1631 956 1792 1018 agas
1837 936 1942 1000 vel
1990 936 2163 1016 quod
2206 937 2413 1001 voles.

1039 1060 1098 1100 35
1207 1040 1294 1104 ad
1337 1060 1503 1122 quae
1549 1040 1605 1104 si
1651 1058 1992 1123 properas,
2043 1044 2178 1103 tota
2224 1059 2367 1103 cum
2415 1059 2624 1104 merce
2671 1045 2922 1102 tuarum

1380 1144 1529 1208 veni
1575 1162 1980 1208 camenarum
2028 1142 2211 1207 citus,

1207 1247 1560 1332 dactylicos
1605 1245 1859 1329 elegos,
1913 1246 2350 1311 choriambum
2399 1266 2689 1328 carmen,
2743 1245 3016 1330 epodos,

1381 1349 1550 1414 socci
1594 1355 1660 1413 et
1704 1348 1998 1414 cothurni
2044 1350 2357 1413 musicam

1209 1454 1530 1538 carpentis
1577 1453 1833 1538 impone
1876 1453 2033 1518 tuis:
2090 1474 2238 1517 nam
2286 1460 2422 1518 tota
2469 1453 2760 1537 supellex

1040 1579 1100 1618 ιο
1381 1563 1595 1621 vatum
1641 1556 1892 1639 piorum
1940 1555 2202 1620 chartea
2249 1564 2368 1622 est.

1209 1661 1539 1725 nobiscum
1586 1658 1880 1725 invenies
1926 1660 2317 1739 κατεναντία,
2372 1660 2429 1724 si
2472 1660 2636 1724 libet
2679 1660 2770 1725 uti

1382 1784 1510 1827 non
1554 1764 1803 1848 προῖκα,
1859 1763 1978 1828 sed
2025 1762 2277 1827 Graeca
2322 1763 2471 1829 fide.

1536 2108 1653 2171 XI.
1706 2107 2247 2172 RESCRIPTVM
2292 2107 2572 2172 PAVLO
2621 2107 2806 2172 SVO.

719 2285 957 2349 Versus
1015 2302 1194 2348 meos
1250 2282 1390 2347 utili
1448 2287 1513 2345 et
1570 2280 1823 2345 conscio
1885 2280 2010 2345 sibi
2070 2280 2315 2365 pudore
2377 2281 2616 2345 celatos
2677 2281 2956 2346 carmine
3012 2289 3121 2345 tuo
3166 2288 3229 2346 et
3274 2299 3565 2346 sermone
3610 2298 3802 2363 prae-
3837 2288 3938 2336 400

546 2388 762 2453 missis
808 2387 960 2452 dum
1005 2393 1196 2470 putas
1242 2385 1409 2468 elici,
1463 2384 1853 2468 repressisti.
1935 2405 2083 2448 nam
2131 2385 2240 2466 qui
2285 2385 2427 2469 ipse
2460 2384 2777 2449 facundus
2808 2392 2874 2450 et
2902 2385 3185 2450 musicus
3216 2384 3516 2449 editionis
3547 2383 3800 2447 alienae
3841 2360 3921 2418 (m)

547 2492 858 2574 prolectat
922 2490 1294 2570 audaciam,
1370 2488 1637 2553 consilio
1706 2508 1830 2570 quo
1898 2488 2129 2553 suadet
2186 2495 2485 2553 exterret.
2595 2495 2775 2571 tegat
2832 2495 3079 2573 oportet
3135 2488 3387 2553 auditor
3448 2486 3802 2552 doctrinam

548 2614 762 2675 suam,
830 2594 940 2676 qui
986 2594 1159 2658 volet
1204 2593 1287 2656 ad
1334 2591 1674 2656 dicendum
1722 2591 2067 2656 sollicitare
2112 2592 2543 2675 trepidantem
2589 2611 2708 2656 nec
2754 2592 3022 2656 emerita
3065 2592 3408 2657 adversum
3453 2590 3805 2655 tirunculos

486 2720 511 2757 5
548 2719 727 2762 arma
794 2697 1112 2762 concutiat
1176 2702 1480 2761 veterana
1543 2695 1890 2759 calliditas.
1997 2694 2200 2759 sensit
2259 2695 2380 2760 hoc
2439 2696 2655 2760 Venus
2720 2695 2802 2761 de
2859 2695 3356 2780 pulchritudinis
3416 2694 3634 2778 palma
3694 2692 3805 2757 diu

548 2800 847 2884 ambiguo
910 2800 1220 2884 ampliata
1285 2799 1544 2863 iudicio.
1667 2797 1982 2882 pudenter
2048 2798 2215 2861 enim
2286 2806 2357 2863 ut
2424 2798 2599 2883 apud
2667 2806 2914 2882 patrem
2985 2800 3202 2863 velata
3267 2803 3626 2863 certaverat
3690 2814 3808 2860 nec

549 2903 913 2969 deterrebat
956 2903 1248 2967 aemulas
1294 2909 1555 2967 ornatus
1601 2901 1915 2983 aequalis.
2014 2907 2082 2965 at
2124 2907 2468 2985 postquam
2513 2902 2578 2965 in
2625 2902 2906 2985 pastoris
2949 2922 3221 2966 examen
3266 2901 3546 2966 deducta
3588 2906 3686 2964 est
3726 2899 3807 2962 lis

548 3005 835 3087 dearum,
887 3005 1099 3088 qualis
1147 3010 1495 3069 emerserat
1540 3004 1697 3069 mari
1745 3010 1859 3068 aut
1905 3024 2046 3068 cum
2093 3004 2295 3068 Marte
2343 3012 2749 3087 convenerat,
2803 3012 2867 3069 et
2912 3004 3345 3069 consternavit
3388 3004 3697 3068 arbitrum
3745 3008 3809 3067 et

550 3108 1065 3174 contendentium
1126 3115 1446 3173 certamen
1505 3107 1845 3192 oppressit.
1940 3128 2091 3190 ergo
2151 3107 2274 3171 nisi
2337 3108 2597 3172 Delirus
2654 3115 2800 3172 tuus
2858 3107 2922 3171 in
2985 3129 3051 3173 re
3110 3108 3288 3173 tenui
3346 3128 3473 3171 non
3531 3106 3810 3171 tenuiter

458 3235 514 3274 ιο
553 3213 883 3279 laboratus
936 3212 1249 3297 opuscula
1293 3232 1458 3293 mea,
1513 3232 1679 3295 quae
1724 3211 1929 3296 promi
1977 3210 2340 3287 studueras,
2393 3211 2806 3295 retardasset,
2856 3210 3231 3276 iamdudum
3279 3231 3399 3294 ego
3446 3217 3517 3276 ut
3559 3209 3810 3295 palmes

549 3316 856 3381 audacior
908 3316 973 3380 in
1019 3317 1325 3381 hibernas
1371 3316 1583 3380 adhuc
1626 3335 1819 3380 auras
1865 3315 2214 3399 improbum
2263 3335 2526 3398 germen
2568 3316 2870 3399 egissem,
2928 3316 3283 3401 periculum
3328 3314 3546 3379 iudicii
3591 3312 3810 3396 gravis

547 3420 911 3485 inconsulta
970 3419 1380 3485 festinatione
1443 3419 1788 3484 subiturus
1888 3419 2163 3501 denique
2208 3419 2554 3503 Bisonum,
2620 3440 2810 3503 quem
2868 3420 3160 3500 †tolleno
3207 3418 3273 3482 iii
3320 3417 3618 3483 existimo
3666 3437 3812 3501 pro-

548 3523 689 3606 prie
749 3544 789 3587 a
848 3521 1196 3607 philologis
1253 3523 1685 3607 appellatum,
1751 3521 2023 3603 addere,
2091 3528 2161 3585 ut
2214 3521 2514 3601 iubebas,
2582 3522 2824 3586 recenti
2879 3541 3175 3587 versuum
3234 3528 3484 3586 tuorum
3536 3520 3810 3585 lectione

544 3647 670 3690 non
732 3646 961 3706 ausuS,
1031 3645 1140 3706 ea,
1209 3646 1376 3707 quae
1437 3626 1555 3691 tibi
1613 3626 1739 3689 iam
1803 3624 2035 3688 cursim
2092 3625 2348 3691 fuerant
2405 3625 2705 3705 recitata,
2773 3625 3121 3690 transmisi.
3218 3624 3455 3689 etenim
3517 3624 3638 3688 hoc
3695 3643 3810 3707 po—

451 3752 511 3791 15
550 3729 814 3813 poscisti
860 3736 1054 3811 atque
1100 3728 1167 3793 id
1213 3749 1334 3812 ego
1380 3728 1613 3807 malui,
1681 3735 1747 3793 tu
1795 3734 1865 3794 ut
1907 3735 2019 3792 tua
2065 3729 2255 3813 culpa
2299 3728 2385 3792 ad
2429 3728 2704 3793 eundem
2751 3727 3035 3812 lapidem
3081 3726 3622 3809 bis'offenderes,
3690 3745 3811 3807 ego

549 3840 762 3898 autem
823 3851 1271 3915 quaecumque
1319 3831 1573 3897 fortuna
1618 3837 1792 3895 esset
1835 3832 2036 3896 semel
2082 3832 2550 3897 erubescerem.
2645 3831 2822 3914 vide,
2875 3830 2963 3895 mi
3009 3831 3231 3912 Paule,
3285 3850 3477 3913 quam
3522 3829 3809 3913 ineptum

723 4111 789 4161 35
815 4126 890 4173 sq.
934 4112 1051 4160 Hor.
1085 4112 1249 4161 Carm.
1284 4111 1383 4159 1111
1416 4108 1496 4171 12,
1529 4108 1587 4159 21
1615 4125 1689 4171 sq.
1730 4110 1791 4158 sd
1829 4125 1957 4172 quae
1995 4113 2037 4159 si
2074 4124 2311 4173 properas
2348 4112 2546 4172 gaudia,
2589 4125 2701 4158 cum
2739 4116 2827 4158 tus
2864 4112 3004 4158 velox
3040 4124 3204 4157 merce
3241 4110 3357 4156 veni
3587 4107 3651 4156 38
3689 4108 3808 4157 Hor.

551 4198 714 4259 Epist.
757 4198 806 4244 11
847 4197 897 4257 3,
940 4197 1006 4246 80
1050 4198 1184 4245 hunc
1230 4199 1359 4245 socci
1409 4210 1584 4259 cepere
1631 4197 1809 4258 pedem
1857 4198 2166 4258 grandesque
2213 4197 2444 4244 cothurni
2719 4195 2786 4245 42
2824 4196 2990 4245 Plsut.
3030 4197 3173 4244 Asin.
3216 4196 3237 4242 1
3278 4197 3325 4255 3,
3368 4193 3431 4241 47
3476 4193 3611 4257 (199)
3653 4201 3816 4242 cetera

549 4298 674 4345 quse
707 4281 835 4350 (nos)
872 4285 1105 4333 volumus
1143 4286 1221 4333 uti
1260 4284 1448 4331 Graeca
1484 4297 1760 4330 mercamur
1798 4284 1893 4330 ilde

722 4371 815 4418 XI.
892 4370 922 4418 3
965 4369 1070 4419 Sid.
1110 4371 1275 4431 Apoll.
1320 4369 1498 4417 XXIII
1545 4368 1590 4430 1,
1624 4367 1681 4416 11
1724 4369 1907 4416 suades
1943 4371 2176 4429 scribere,
2220 4370 2309 4417 sed
2347 4369 2470 4416 sacis
2508 4374 2672 4416 tacere
2892 4367 2924 4415 9
2961 4368 3109 4429 Verg.
3151 4367 3332 4427 Georg.
3372 4368 3475 4415 1111
3511 4367 3542 4415 6
3578 4369 3633 4414 in
3671 4368 3814 4414 tenui

554 4457 716 4504 labor:
759 4462 812 4504 st
848 4458 1019 4506 tenuis
1056 4470 1156 4504 non
1193 4458 1346 4517 gloria
2139 4469 2147 4476 ·

722 4714 788 4764 32
826 4730 1004 4764 amena
1048 4714 1160 4775 TM,
1205 4729 1408 4763 amoena
1445 4720 1532 4762 cet.
1572 4716 1733 4776 volyo,
1776 4718 1933 4764 amica
1968 4720 2021 4762 et
2057 4715 2303 4775 Heinsius,
2350 4715 2506 4762 amica
2543 4728 2599 4761 sc
2636 4727 2723 4774 eqo
2991 4712 3054 4761 33
3093 4710 3176 4780 tu]
3213 4715 3288 4761 tui
3333 4714 3425 4777 (vel
3462 4713 3564 4773 tua)
3613 4713 3654 4759 T
3697 4713 3807 4775 (citt.

550 4802 639 4850 ult.
683 4802 804 4863 del.)
1053 4801 1119 4850 36
1156 4815 1500 4849 camoenarum
1548 4801 1588 4847 Τ
1830 4802 1891 4849 37
1930 4802 2185 4849 dactilicos
2229 4802 2286 4862 T,
2329 4802 2534 4849 dactilos
2574 4800 2630 4847 M
2856 4802 3166 4859 corysmbum
3213 4800 3253 4846 T
3482 4805 3532 4846 et
3568 4800 3721 4860 pedes
3763 4798 3816 4844 M

553 4887 617 4935 38
655 4889 852 4935 coturni
891 4887 947 4934 M
1153 4888 1219 4936 40
1256 4888 1424 4935 cartha
1464 4887 1515 4946 T,
1558 4893 1721 4934 cartes
1759 4886 1815 4932 M
2019 4887 2076 4936 41
2125 4889 2416 4935 katensntia
2456 4887 2510 4946 T,
2551 4888 2838 4935 catensncis
2877 4886 2944 4948 M,
2989 4888 3267 4947 catenoplia
3309 4886 3610 4948 (katenoplis
3649 4884 3810 4945 Ven.⁴)

552 4975 714 5034 volyo,
756 4970 1054 5023 κατεναντία
1090 4976 1265 5033 scripsi
1472 4972 1538 5021 42
1577 4987 1736 5034 poena
1780 4974 1976 5034 (poema
2013 4972 2088 5035 M)
2132 4974 2221 5021 sed
2258 4989 2318 5034 ω,
2363 4977 2553 5043 προῖκα
2590 4974 2676 5021 sed
2726 4973 2846 5021 Weil

724 5060 818 5110 XI.
898 5060 1211 5121 Rescriptum
1247 5059 1403 5106 Paulo
1444 5059 1672 5118 (Paulino
1706 5063 1809 5118 mu)
1855 5073 1944 5106 suo
1983 5060 2093 5120 (suo
2129 5074 2224 5108 om.
2271 5059 2351 5120 M)
2394 5075 2456 5120 ω,
2504 5061 2765 5108 Ausonius
2801 5060 2956 5108 Paulo
2993 5061 3042 5109 S.
3086 5058 3247 5119 Luyd.
3286 5060 3429 5118 volqo
3635 5055 3666 5105 2
3703 5053 3816 5121 qui]

552 5161 646 5208 que
688 5146 745 5194 M
949 5147 1193 5194 edictioni
1236 5146 1293 5207 T,
1336 5147 1543 5194 editioni
1581 5151 1695 5207 cet„
1738 5146 1974 5194 editionis
2019 5146 2215 5195 Gronov
2445 5145 2474 5194 3
2512 5161 2642 5208 quae
2678 5148 2832 5194 lectat
2875 5147 2917 5192 T
3135 5160 3233 5208 que
3273 5144 3329 5191 Μ
3557 5143 3587 5191 5
3625 5145 3816 5206 pulcri-

556 5233 750 5281 tudinis
794 5231 893 5279 TM
1134 5231 1167 5279 6
1204 5246 1297 5280 nec
1339 5232 1394 5292 T,
1438 5246 1603 5293 neque
1638 5237 1726 5280 cet.
1979 5231 2005 5279 7
2047 5232 2306 5281 deterebst
2339 5233 2380 5279 T
2623 5232 2654 5282 8
2690 5235 2836 5280 marti
2868 5232 2980 5292 TM,
3026 5234 3146 5279 mari
3181 5238 3271 5280 cet.
3483 5231 3818 5292 prosternauit

552 5318 783 5367 habitum
825 5317 868 5365 T
1145 5317 1206 5367 12
1247 5319 1499 5378 pissonem
1543 5318 1597 5380 T,
1651 5320 1883 5381 pisonem
1919 5324 2033 5379 cet„
2093 5320 2354 5368 dissonum
2393 5320 2438 5366 Ε
2469 5321 2640 5380 υοὶρο,
2702 5320 2942 5367 Bisonum
2981 5319 3157 5366 Hartel
3433 5319 3621 5366 tolleno
3655 5320 3711 5365 ἰῇ
3758 5318 3810 5376 T,

555 5406 671 5453 tolle
710 5419 889 5453 nomen
926 5410 1042 5467 cea,
1083 5404 1388 5452 Colonomon
1437 5401 1582 5453 ναι*
1616 5406 1775 5466 υοὶρο,
1820 5398 2219 5472 Κεκολ).ημένον
2256 5406 2573 5468 temptabam,
2616 5406 2938 5452 Tollenonem
2978 5405 3178 5466 Παφίας
3236 5405 3547 5466 siqnificatur
3580 5408 3685 5452 aine
3720 5403 3817 5450 du·

556 5491 630 5539 bio
683 5493 898 5554 epistula
952 5491 1244 5539 duodecima
1526 5490 1587 5538 13
1625 5491 1823 5540 adcreui
1881 5507 1944 5551 ω,
2002 5493 2185 5540 addere
2240 5506 2346 5555 eqo,
2406 5493 2466 5539 sd
2520 5497 2572 5539 te
2627 5494 2825 5540 mittere
2880 5491 3078 5540 Gronov
3114 5494 3258 5552 υοιρο
3534 5493 3709 5539 lubeas
3765 5490 3823 5537 M

562 5577 622 5627 14
657 5581 821 5628 suerat
860 5579 913 5625 M
1153 5577 1431 5626 transmitti
1474 5575 1615 5636 Pan,
1659 5579 1943 5626 transmitto
1980 5578 2113 5626 Scal.
2154 5580 2298 5639 volyo
2567 5576 2627 5626 15
2665 5578 2903 5640 poposisti
2947 5576 2989 5624 T
3243 5577 3304 5626 16
3340 5591 3668 5639 quaecunque
3712 5576 3753 5621 T

552 5670 660 5726 post
695 5667 1039 5714 erubescerem
1077 5667 1131 5712 ὶπ
1167 5679 1209 5711 ω
1247 5665 1467 5724 sequitur
1502 5678 1700 5712 carmen
1738 5665 1831 5710 XX
1842 5664 1882 5710 V
1910 5666 1960 5726 3,
2004 5664 2134 5726 quod
2171 5667 2418 5725 excipiunt
2455 5664 2597 5714 haec:
2637 5664 2698 5711 ad
2736 5664 2944 5711 Paulum
2985 5678 3131 5712 suum
3176 5664 3263 5724 (sic
3305 5665 3398 5730 Τχ,
3438 5678 3533 5712 om.
3579 5663 3656 5724 M)
3701 5664 3818 5710 uide

558 5755 621 5800 mi
659 5754 812 5802 Paule
847 5767 889 5800 e.
932 5770 976 5815 q.
1020 5767 1058 5801 s.

708 5855 951 5894 Avens-vs.
3337 5854 3403 5902 22
