4630 6435
1545 438 1744 493 ORDO
1785 438 2073 492 VRBIVM
2113 438 2479 493 NOBILIVM
2522 438 2807 502 (XVIIII).
3420 485 3427 490 .
3726 442 3809 503 99

1220 629 1434 712 qualis
1479 628 1693 692 inusta
1739 628 1906 692 solet
1950 626 2206 709 generis
2250 634 2404 691 nota
2448 634 2657 692 certa:
2710 648 2826 710 per
2870 647 3119 692 omnem

1219 752 1368 796 nam
1416 730 1660 797 subolis
1705 730 1934 795 seriem
1981 729 2202 796 nativa
2249 731 2526 796 cucurrit
2571 732 2805 814 imago.

1220 939 1631 1023 Armipotens
1680 937 1921 1002 dudum
1968 937 2282 1002 celebrari
2331 937 2549 1002 Gallia
2591 938 2788 1021 gestit
3537 959 3671 1018 (1111)
3711 956 3810 1006 288

1221 1042 1730 1123 Trevericaeque
1777 1041 1953 1106 urbis
2000 1040 2262 1121 solium,
2317 1061 2482 1124 quae
2528 1042 2818 1126 proxima
2863 1042 3086 1107 Rheno

1052 1163 1113 1205 ³0
1219 1145 1399 1230 pacis
1445 1152 1515 1209 ut
1557 1145 1623 1209 in
1670 1144 1923 1209 mediae
1970 1144 2216 1226 gremio
2262 1163 2492 1210 secura
2536 1144 2839 1227 quiescit,

1218 1247 1471 1332 imperii
1516 1247 1686 1313 vires
1732 1246 1902 1329 quod
1947 1248 2097 1325 alit,
2151 1247 2322 1329 quod
2368 1247 2564 1313 vestit
2607 1254 2671 1313 et
2713 1255 2939 1313 armat.

1219 1352 1352 1416 lata
1396 1371 1514 1435 per
1558 1356 1886 1416 extentum
1933 1356 2312 1435 procurrunt
2356 1351 2609 1416 moenia
2655 1352 2914 1417 collem:
3266 1374 3293 1412 5

1221 1456 1441 1537 largus
1486 1455 1833 1537 tranquillo
1878 1453 2276 1538 praelabitur
2320 1474 2508 1519 amne
2553 1454 2854 1534 Mosella,

1221 1558 1571 1641 longinqua
1615 1557 1997 1640 omnigenae
2044 1564 2308 1621 vectans
2355 1559 2713 1623 conmercia
2757 1565 2988 1623 terrae.

1054 1784 1116 1825 35
1222 1765 1304 1829 Et
1347 1762 1701 1828 Mediolani
1745 1762 1907 1827 mira
1951 1761 2197 1844 omnia,
2251 1763 2441 1847 copia
2483 1783 2725 1844 rerum,
3591 1786 3666 1843 (v)
3709 1782 3815 1832 289

1222 1867 1594 1931 innumerae
1639 1866 1979 1948 cultaeque
2027 1866 2284 1945 domus,
2342 1865 2623 1931 facunda
2667 1867 2948 1931 virorum

1222 1969 1487 2053 ingenia
1532 1976 1597 2035 et
1638 1989 1851 2034 mores
1898 1969 2089 2049 laeti,
2143 1975 2275 2034 tum
2325 1969 2585 2054 duplice
2631 1991 2813 2036 muro

1223 2073 1613 2158 amplificata
1657 2073 1780 2138 loci
1826 2073 2074 2157 species
2116 2074 2466 2157 populique
2511 2074 2844 2158 voluptaS,

1224 2176 1467 2258 circus,
1520 2183 1585 2242 et
1627 2177 1862 2242 inclusi
1908 2177 2108 2241 moles
2156 2184 2430 2241 cuneata
2476 2177 2745 2257 theatri,
3269 2200 3294 2239 5

1055 2302 1116 2340 40
1221 2281 1464 2364 templa
1509 2280 1974 2361 Palatinaeque
2017 2299 2199 2344 arces
2245 2280 2646 2363 opulensque
2691 2287 2947 2345 moneta

1223 2390 1287 2448 et
1328 2383 1506 2466 regio
1551 2382 1854 2449 Herculei
1897 2382 2170 2448 celebris
2215 2384 2334 2449 sub
2379 2383 2618 2449 honore
2663 2385 2938 2448 lavacri:

1222 2494 1574 2569 cunctaque
1619 2486 1992 2551 marmoreis
2036 2493 2262 2551 ornata
2303 2487 2622 2571 peristyla
2667 2486 2870 2570 signis

1224 2590 1602 2671 moeniaque
1645 2589 1712 2655 in
1758 2590 1918 2655 valli
1961 2589 2228 2655 formam
2275 2590 2671 2655 circumdata
2713 2591 2931 2657 limbo.

1222 2692 1436 2759 omnia
1478 2713 1644 2776 quae
1690 2693 1943 2776 magnis
1988 2713 2250 2777 operum
2296 2693 2476 2759 velut
2518 2695 2776 2760 aemula
2821 2694 3040 2760 formis
3239 2714 3296 2754 ιο

1055 2817 1117 2857 45
1224 2797 1549 2862 excellunt
1589 2817 1710 2861 nec
1752 2796 1972 2862 iuncta
2015 2797 2246 2880 premit
2289 2796 2532 2862 vicinia
2576 2798 2841 2862 Romae.

1223 3003 1362 3068 Nec
1406 3003 1694 3086 Capuam
1738 3003 2024 3087 †pelago
2071 3004 2371 3086 cultuque
2416 3023 2714 3088 penuque
2760 3010 3114 3087 potentem,
3565 3024 3669 3083 (vl)
3715 3021 3815 3070 290

1225 3105 1476 3171 deliciis
1522 3106 1750 3190 opibus
1795 3105 2097 3190 famaque
2141 3106 2353 3191 priore
2399 3106 2634 3188 silebo,

1225 3208 1479 3275 fortuna
1522 3209 1811 3275 variante
1854 3209 2064 3292 vices,
2118 3231 2283 3295 quae
2331 3209 2497 3277 freta
2543 3208 2845 3276 secundis

1223 3313 1496 3379 nescivit
1541 3333 1796 3379 servare
1841 3312 2124 3379 modum.
2215 3334 2389 3380 nunc
2433 3313 2690 3380 subdita
2734 3315 2974 3379 Romae
3077 3338 3081 3341 ’

1058 3439 1118 3478 5ο
1223 3418 1510 3498 aemula,
1564 3437 1731 3482 nune
1775 3416 1926 3482 fidei
1970 3439 2240 3499 memor,
2295 3425 2447 3483 ante
2492 3418 2721 3495 infida,
2778 3425 3069 3482 senatum
3271 3439 3296 3477 5

1225 3527 1555 3605 sperneret
1598 3542 1683 3585 an
1729 3522 1970 3586 coleret
2012 3520 2344 3599 dubitans,
2400 3541 2663 3605 sperare
2709 3521 2963 3586 curules

1225 3622 1574 3707 Campanis
1617 3643 1777 3688 ausa
1819 3623 2126 3708 auspiciis
2172 3644 2427 3707 unoque
2475 3643 2731 3688 suorum

1226 3727 1519 3809 consule,
1574 3733 1643 3791 ut
1685 3727 2024 3811 imperium
2074 3726 2267 3792 divisi
2314 3726 2657 3792 adtolleret
2701 3726 2896 3790 orbis.

1226 3830 1380 3915 quin
1425 3832 1617 3895 etiam
1664 3850 1875 3895 rerum
1922 3830 2247 3896 dominam
2295 3829 2589 3912 Latiique
2636 3835 2966 3913 parentem

1060 3957 1118 3995 55
1225 3935 1498 4019 adpetiit
1541 3934 1746 4016 bello,
1800 3933 2073 4000 ducibus
2117 3954 2244 3998 non
2291 3933 2456 3999 freta
2500 3933 2772 4015 togatis,
3242 3952 3298 3992 10

735 4158 802 4210 26
840 4164 992 4221 Verg.
1023 4162 1201 4221 Georg.
1233 4163 1306 4209 111
1341 4161 1435 4210 158
1472 4162 1811 4222 continuoque
1849 4167 1990 4209 notas
2028 4167 2080 4210 et
2116 4163 2322 4209 nomina
2357 4161 2524 4221 gentis
2563 4160 2777 4207 luurunt
2951 4159 3017 4207 39
3057 4160 3205 4217 Verg.
3238 4160 3368 4206 Aen.
3398 4159 3443 4203 V
3469 4157 3569 4206 664
3605 4172 3820 4205 cuneos-

562 4259 658 4305 que
695 4246 880 4294 theatri
1089 4247 1156 4296 49
1194 4251 1342 4308 Verg.
1387 4251 1516 4296 Aen.
1548 4249 1596 4296 X
1623 4248 1718 4297 501
1749 4262 1823 4309 sq.
1865 4249 2036 4296 nescia
2075 4285 2086 4296 .
2122 4283 2134 4295 .
2166 4283 2179 4297 .
2221 4260 2419 4294 servare
2455 4247 2675 4308 modum,
2717 4247 2868 4294 rebus
2904 4246 3101 4293 sublata
3137 4245 3375 4292 secundis
3586 4241 3650 4291 50
3694 4243 3813 4291 Hor.

563 4331 716 4391 Epod.
764 4331 843 4392 16,
887 4332 916 4380 5
953 4334 1150 4381 aemula
1186 4347 1279 4382 nec
1317 4335 1477 4382 virtus
1515 4333 1714 4395 Capuae

730 4520 797 4571 26
833 4536 945 4570 cera
988 4524 1028 4569 V
1286 4523 1349 4573 27
1391 4525 1573 4571 sobolis
1611 4523 1656 4571 P
1690 4523 1776 4583 Uy.
2023 4523 2221 4569 cucurit
2259 4536 2433 4583 ymago
2471 4523 2517 4570 P
2775 4520 2842 4570 28
2879 4533 2934 4566 vx
2970 4521 3182 4567 treueris
3227 4520 3269 4566 V
3309 4519 3378 4582 (in
3411 4534 3512 4579 my.
3553 4534 3621 4566 m.
3663 4518 3814 4578 ant),

560 4609 621 4656 de
656 4611 843 4656 treueri
888 4609 976 4655 ΡΤ
1019 4609 1104 4670 [19.
1151 4609 1299 4672 (Med.
1340 4609 1494 4657 add.:
1536 4609 1749 4671 septimo
1784 4611 1887 4656 loco
1925 4623 2034 4657 eam
2071 4608 2228 4671 ponit)
2469 4609 2626 4668 gestis
2666 4607 2754 4655 PT
2796 4608 2879 4668 Uy.
3130 4605 3195 4654 29
3232 4620 3350 4654 reno
3390 4605 3434 4651 P
3662 4605 3727 4652 :30
3765 4605 3817 4651 in

561 4710 657 4742 om.
688 4695 733 4741 P
938 4683 1119 4743 ¹³⁰diae
1164 4696 1204 4741 V
1239 4697 1335 4756 (me
1361 4693 1450 4757 m2)
1668 4709 1842 4743 secura
1881 4694 1923 4742 P
1966 4695 2068 4755 (cur
2104 4698 2158 4742 ἱη
2193 4709 2294 4743 ras.
2329 4693 2422 4754 m2)
2634 4693 2692 4741 31
2735 4695 2919 4755 inperii
2958 4694 3002 4740 P
3205 4693 3505 4754 imperiique
3544 4692 3679 4738 uiros
3723 4690 3814 4749 Uy.

559 4779 624 4827 32
661 4781 904 4841 procurrit
947 4782 998 4841 V,
1041 4775 1222 4843 procui·
1259 4782 1305 4829 P
1342 4783 1415 4843 (in
1449 4796 1548 4841 my.
1588 4778 1663 4827 m2
1697 4782 2011 4843 procurrunt)
2260 4781 2325 4830 33
2362 4781 2642 4841 perlabitur
2678 4779 2767 4826 PT
2812 4779 2900 4839 Uy.
3133 4779 3197 4826 34
3235 4781 3288 4825 in
3323 4793 3422 4838 my.
3465 4776 3566 4837 inf.
3607 4775 3679 4824 m¹
3712 4777 3754 4822 V

559 4868 854 4925 omnigenus
883 4866 971 4913 PT
1005 4867 1091 4927 Uq.
1306 4873 1476 4915 nectas
1511 4867 1551 4913 T
1755 4869 2040 4914 commertia
2083 4867 2123 4912 T
2155 4865 2240 4926 Uy.
2461 4864 2527 4912 35
2563 4878 2642 4912 vn
2681 4865 2748 4913 Et
2784 4865 3118 4913 mediolanum
3155 4865 3194 4911 V
3232 4865 3303 4927 (in
3335 4878 3435 4922 my.
3465 4878 3529 4912 m.
3562 4862 3715 4922 ant),
3758 4862 3820 4908 de

563 4952 835 5001 mediolano
863 4952 949 4999 PT
984 4953 1074 5014 Uy.
1286 4953 1624 5000 mediolanum
1656 4953 1701 4999 P
1907 4952 1970 5001 37
2010 4957 2063 4999 et
2088 4965 2246 4999 mores
2273 4952 2394 4998 laeti
2428 4951 2523 5010 VP,
2569 4952 2765 5012 antiqui
2804 4963 2965 4999 mores
2990 4954 3082 4999 cet.
3296 4963 3410 4996 cum
3439 4948 3484 4996 P
3687 4947 3818 5008 dup-

562 5038 690 5099 plice
737 5039 779 5084 V
1004 5038 1069 5088 38
1106 5040 1368 5101 simplicata
1408 5037 1451 5083 P
1681 5036 1747 5086 39
1783 5039 1967 5086 inclusi
2013 5038 2053 5084 V
2093 5040 2125 5099 (i
2161 5039 2250 5085 alt.
2292 5037 2409 5086 add.
2451 5033 2541 5097 m2)
2779 5036 2845 5084 40
2882 5050 3020 5084 arces
3065 5037 3107 5082 V
3144 5036 3215 5095 (in
3249 5050 3348 5094 my.
3391 5031 3465 5081 m2
3504 5033 3562 5082 ul
3598 5033 3815 5093 domus),

562 5156 730 5190 arcens
767 5142 813 5189 P
1085 5141 1145 5190 41
1187 5155 1284 5191 om.
1332 5141 1377 5187 P
1650 5141 1898 5188 labauacri
1943 5141 1983 5187 V
2020 5140 2141 5221 (suit
2177 5112 2378 5201 lafficri)
2650 5139 2716 5188 42
2752 5140 2926 5206 ,pstyla
2970 5139 3022 5200 V,
3064 5139 3306 5200 peristula
3343 5137 3402 5196 P,
3442 5136 3669 5198 peristila
3710 5135 3752 5182 Τ

564 5226 629 5274 43
666 5229 1054 5290 circundataquc
1093 5227 1136 5274 P
1373 5228 1530 5275 limuo
1576 5228 1615 5275 V
1652 5230 1722 5289 (in
1757 5242 1857 5286 my.
1898 5223 1973 5273 m²
2009 5226 2058 5274 a}
2096 5227 2277 5287 Ιῡὶπο),
2333 5227 2445 5285 libo
2488 5226 2544 5286 T,
2586 5226 2721 5273 labro
2759 5225 2888 5272 Scal.
2932 5225 3072 5285 volqo
3316 5223 3381 5272 45
3419 5224 3680 5271 excollunt
3713 5221 3756 5267 P

563 5315 672 5361 ima
704 5315 742 5361 V
948 5314 1013 5363 46
1051 5326 1151 5360 vm
1190 5328 1344 5374 capua
1379 5315 1417 5361 V
1459 5317 1529 5375 (in
1552 5329 1650 5373 my.
1681 5329 1747 5362 m.
1779 5314 1931 5375 auh),
1973 5313 2034 5360 de
2073 5328 2231 5375 capua
2258 5313 2350 5359 PT
2385 5313 2473 5372 Uy.
2684 5306 2884 5376 pelago]
2921 5311 3054 5370 largo
3090 5309 3356 5370 Heinsio-33
3399 5322 3627 5369 agrorum
3664 5313 3820 5368 temp-

564 5400 755 5461 tabam3
793 5405 902 5462 post
937 5417 987 5448 v.
1017 5404 1082 5447 46
1119 5399 1331 5459 sortasse
1366 5414 1501 5446 unus
1536 5400 1713 5447 excidit
1749 5413 1917 5447 versu-s
2126 5400 2265 5446 cultu
2310 5398 2352 5445 T
2388 5398 2475 5458 U9.
2690 5409 2957 5458 poenuque
2999 5396 3039 5440 T
3241 5393 3305 5441 47
3343 5396 3573 5456 famaque
3607 5395 3740 5441 fama
3780 5393 3821 5439 T

570 5486 675 5545 (alt.
719 5488 848 5533 fama
881 5486 1004 5547 del.)
1219 5486 1374 5534 silebo
1411 5486 1472 5547 P,
1513 5487 1678 5534 solebo
1720 5486 1761 5532 T
1802 5484 1941 5545 (corr.
1983 5484 2075 5546 ml)
2310 5483 2377 5534 48
2413 5486 2556 5532 uaria
2601 5484 2642 5530 V
2869 5480 2935 5528 49
2974 5481 3133 5529 nescit
3177 5480 3217 5526 V
3422 5480 3488 5528 50
3525 5475 3685 5545 nunc]
3722 5492 3819 5527 non

573 5572 629 5633 T,
671 5587 793 5620 num
840 5572 948 5633 Uo„
991 5580 1114 5621 tunc
1149 5571 1282 5620 Scal.
1322 5573 1463 5631 volyo
1742 5576 1791 5619 fit
1835 5572 1887 5631 V,
1929 5576 2016 5618 aut
2051 5575 2164 5631 cet„
2206 5585 2338 5618 anne
2375 5571 2509 5619 θεαὶ.
2551 5570 2709 5631 volqo,
2752 5573 2868 5615 ante
2904 5567 3140 5614 Heinsius
3186 5613 3195 5622 ,
3407 5566 3564 5613 infida
3613 5564 3652 5611 V
3685 5565 3733 5623 (a
3770 5567 3823 5611 in

563 5673 661 5707 ras.
702 5655 794 5715 νηῒ)
1066 5657 1127 5706 51
1168 5658 1268 5706 hau
1312 5658 1353 5704 V
1612 5658 1763 5706 collEt
1797 5658 1843 5704 P
2105 5658 2303 5705 dubitat
2345 5657 2387 5703 T
2650 5655 2876 5702 currules
2918 5653 2960 5699 T
3226 5652 3290 5711 52
3328 5666 3532 5701 suorum
3572 5641 3749 5714 cosi-1115
3786 5650 3828 5696 T

567 5745 627 5796 53
667 5744 845 5792 diuisit
893 5745 931 5791 V
1137 5745 1344 5792 atoleret
1381 5743 1438 5801 P,
1481 5744 1733 5804 attolleret
1776 5744 1816 5789 T
1860 5743 1949 5814 [⁷9.
2164 5743 2227 5800 55
2265 5743 2514 5812 ιᾶφρεειίἰι
2558 5742 2608 5801 V,
2652 5740 2864 5806 appetiit
2900 5744 2990 5790 cet.
3205 5736 3327 5804 uon]
3366 5751 3498 5785 nunc
3541 5737 3581 5782 T

3304 5839 3409 5894 13ἸΙ

1927 5979 2024 6048 ’‘4⁸‘'
2035 5973 2078 6013 Μ
2089 5985 2138 6046 ⁶03
2155 6015 2174 6050 κ

2121 6041 2156 6068 ⁶,

1905 6051 2118 6130 ‘Joxfono
2135 6057 2182 6130 ,j

1951 6133 2176 6212 fustist!

1981 6209 2102 6229 &j
