4630 6435
1732 288 2122 345 APPENDIX
2163 291 2226 354 (Ι.
2266 289 2737 355 ΡΕΒΙΟΟΗΑΕ).
3730 298 3846 357 241

551 497 577 534 5
617 477 1043 542 aemulatione
1090 478 1468 559 conseritur,
1537 478 1708 560 quod
1752 499 1830 545 ex
1878 478 2091 545 verbis
2147 481 2459 564 processit
2509 480 2596 545 ad
2651 502 2913 562 manus,
2978 481 3378 564 hortantibus
3424 481 3668 565 procis,
3732 503 3856 566 quo

617 579 827 662 magis
887 580 1028 644 rixa
1088 580 1524 659 crudesceret,
1593 583 2043 668 propositoque
2103 583 2387 667 praemio
2449 584 2692 669 caprini
2752 585 2991 650 ventris
3051 592 3327 650 omento.
3420 585 3620 651 victor
3660 585 3859 670 igitur

617 682 840 748 Vlixes
886 683 1271 750 seminecem
1316 685 1489 749 Irum
1536 692 1720 750 extra
1764 685 2022 751 ianuam
2068 687 2327 772 proicit,
2403 687 2676 752 ridicula
2735 687 3173 753 adhortatione
3232 674 3642 772 conpellans,
3736 689 3858 754 Pe-

616 787 850 871 nelopa
892 787 1084 852 etiam
1131 807 1397 852 munera
1444 788 1567 853 sibi
1613 809 1653 853 a
1696 789 1906 873 procis
1951 811 2065 874 pro
2111 791 2341 874 opibus
2390 791 2695 875 cuiusque
2740 791 3012 856 conferri
3059 791 3450 874 singulorum
3484 790 3701 858 studia
3745 811 3859 858 ex-

616 889 874 974 periens
919 889 1239 975 deposcit:
1296 910 1462 973 quae
1508 897 1752 956 mature
1799 899 2015 978 utpote
2061 915 2103 958 a
2145 893 2549 978 cupientibus
2594 889 2964 960 offeruntur.

2096 1201 2372 1266 XVIIII.

786 1355 898 1422 44.
1445 1351 1644 1442 Αὐτὰρ
1684 1349 1720 1420 ‘o
1768 1358 1830 1420 ἐν
1880 1352 2125 1441 μεγάρῳ
2174 1351 2515 1420 ὑπελείπετο
2563 1359 2684 1428 δῖος
2723 1354 3075 1430 Ὀδυσσεύς.
3759 1369 3858 1417 463

1439 1461 1521 1523 At
1566 1467 1747 1543 parte
1794 1459 2089 1525 interiore
2136 1459 2361 1524 domus
2408 1467 2691 1525 secretus
2739 1460 2985 1526 Vlixes,

785 1562 1007 1627 Vlixes
1082 1583 1223 1627 cum
1294 1561 1681 1627 Telemacho
1756 1583 1934 1627 arma
2009 1562 2222 1627 omnia
2297 1562 2379 1627 de
2447 1562 2658 1627 medio
2736 1563 3152 1642 amoliuntur,
3236 1562 3442 1648 procis
3515 1561 3858 1647 perniciem

617 1673 1062 1750 conparanteS,
1130 1686 1210 1730 ne
1269 1666 1609 1750 quicquam
1668 1666 2043 1730 munimenti
2090 1672 2202 1731 aut
2244 1665 2358 1731 teli
2403 1666 2901 1748 relinqueretur,
2970 1666 3077 1748 qui
3124 1668 3224 1732 vel
3288 1685 3515 1731 cavere
3569 1664 3694 1729 vim
3757 1664 3887 1731 vel-

557 1789 580 1826 5
620 1768 855 1833 inferre
900 1774 1180 1853 possent.
1275 1767 1361 1832 ad
1407 1769 1796 1853 Penelopam
1843 1770 2077 1834 deiude
2124 1769 2331 1834 accitu
2377 1769 2579 1853 ipsius
2624 1769 2835 1854 pergit
2879 1769 3113 1852 ibique,
3170 1777 3238 1836 ut
3266 1771 3550 1834 Eumaeo
3587 1767 3853 1844 dixerat,

618 1872 986 1937 Cretensem
1062 1891 1131 1937 se
1192 1891 1335 1937 esse
1395 1872 1696 1937 mentitur
1754 1873 2133 1953 Vlixemque
2193 1872 2369 1957 apud
2426 1892 2497 1937 se
2562 1872 2837 1957 hospitio
2895 1871 3303 1938 deversatum
3362 1870 3857 1938 conminiscitur.

618 1995 762 2039 mox
806 1994 948 2039 cum
991 1974 1292 2060 Euryclia
1338 1975 1541 2060 ipsius
1587 1975 1798 2040 nutrix
1844 1974 2178 2060 hospitalis
2225 1975 2661 2047 officii,causa
2705 1975 2902 2060 pedes
2948 1977 3086 2041 eius
3118 1977 3381 2055 elueret,
3432 1981 3607 2041 tactu
3636 1992 3864 2038 manus

619 2076 1066 2143 animadvertit
1124 2077 1519 2159 cicatricem,
1587 2098 1776 2159 quam
1839 2078 2121 2143 habebat
2179 2099 2260 2143 ex
2327 2079 2589 2145 vulnere
2646 2079 2712 2143 in
2758 2080 3039 2144 Parnaso
3099 2079 3419 2163 quondam
3478 2076 3612 2143 suis
3673 2077 3863 2142 dente

620 2199 989 2265 percussus.
1083 2200 1206 2263 quo
1251 2189 1627 2263 argumento
1675 2183 2001 2246 alumnum
2050 2202 2232 2247 suum
2297 2200 2443 2249 esse
2503 2182 2861 2266 cognoscit,
2931 2181 3045 2247 sed
3103 2183 3184 2247 ab
3246 2182 3509 2262 eodem,
3571 2201 3652 2246 ne
3710 2179 3862 2264 quid

527 2303 582 2342 ιο
621 2284 787 2348 ultra
831 2284 934 2349 vel
980 2291 1248 2367 quaerat
1291 2284 1394 2349 vel
1441 2286 1706 2368 garriat,
1759 2293 2105 2351 coercetur.

2160 2594 2308 2658 XX.

790 2747 904 2814 45.
1455 2749 1739 2831 [Iamque
1785 2767 2010 2832 procos
2055 2768 2269 2832 genua
2312 2749 2707 2833 amplectens
2752 2749 2976 2813 orabat
3020 2747 3291 2832 Vlixes].
3761 2758 3861 2808 464

792 2851 1219 2936 Epulantibus
1264 2851 1474 2936 procis
1519 2850 1865 2936 Ctesippus
1908 2850 1976 2915 in
2021 2851 2273 2916 Vlixem
2321 2870 2466 2916 crus
2512 2851 2819 2939 bubulum
2863 2850 3047 2932 iacit,
3108 2851 3224 2917 sed
3269 2850 3695 2916 destinatione
3738 2870 3865 2916 non

623 2953 876 3038 potitur.
973 2954 1486 3038 Theoclymenus
1546 2963 1761 3020 autem
1815 2959 1972 3039 aput
2016 2954 2416 3020 Ithacensios
2462 2953 2877 3019 divinationis
2923 2961 3224 3038 expertae
3280 2952 3601 3019 inminens
3655 2952 3864 3038 procis

621 3056 1003 3123 vaticinatur
1046 3057 1331 3123 exitium.
1427 3078 1692 3140 quorum
1739 3059 1942 3124 multa
1987 3057 2394 3123 cavillatione
2441 3056 2692 3124 derisus
2736 3076 2963 3123 mensa
3004 3064 3069 3123 et
3096 3057 3283 3124 domo
3310 3063 3634 3141 tamquam
3665 3055 3865 3121 furio-

561 3181 586 3221 ⁵
626 3180 736 3228 sus
783 3160 1161 3228 excluditur.

2149 3452 2332 3518 XXI.

708 3678 713 3685 ,
796 3608 909 3674 46.
1459 3607 1547 3693 Τῇ
1597 3604 1657 3671 δ’
1712 3600 1814 3693 ἄρ’
1869 3607 1964 3671 ἐπὶ
2012 3608 2188 3693 φρεσὶ
2239 3611 2390 3692 θῆκε
2438 3605 2552 3672 θεὰ
2595 3611 2936 3693 γλαυκῶπις
2975 3604 3219 3693 Ἀθήνη.
3768 3616 3866 3665 465

1449 3712 1567 3776 Hic
1613 3717 1894 3777 mentem
1942 3710 2121 3777 dedit
2167 3712 2411 3777 Icariae
2455 3711 2744 3777 Tritonia
2787 3712 3028 3777 Pallas,

805 3816 1024 3880 Vlixes
1069 3815 1354 3880 Eumaeo
1408 3822 1472 3879 et
1515 3814 1827 3879 Philoetio
1887 3813 2041 3880 fidei
2099 3834 2317 3880 eorum
2373 3813 2853 3898 industriaeque
2913 3813 3188 3879 confisus
3248 3813 3390 3895 quis
3450 3811 3536 3876 sit
3599 3811 3863 3875 revelat.

627 3927 691 3984 et
735 3926 1070 4003 postquam
1118 3918 1288 3984 facta
1334 3918 1608 4001 cognitio
1654 3923 1784 3998 est,
1855 3918 2118 3984 caedem
2165 3938 2496 4002 procorum
2559 3918 2701 4003 (ex)
2762 3924 3047 4002 tempore
3101 3915 3327 3981 instrui
3385 3914 3618 3998 placet.
3712 3931 3871 3995 quos

567 4043 593 4082 ⁶
634 4021 855 4087 Vlixes
900 4029 1044 4087 astu
1090 4020 1485 4105 aggreditur,
1539 4027 1610 4086 ut
1652 4022 1863 4106 ipsum
1908 4040 2159 4104 quoque
2204 4021 2589 4086 intendendo
2636 4041 2852 4087 arcum
2898 4021 3068 4085 vires
3114 4019 3351 4085 seniles
3381 4018 3715 4103 explorare
3750 4037 3870 4100 pa-

630 4124 890 4190 tiantur.
983 4145 1169 4208 quem
1217 4124 1327 4189 uni
1371 4125 1691 4208 quondam
1726 4124 1899 4189 Vlixi
1944 4124 2200 4190 facilem
2234 4124 2290 4188 si
2321 4124 2463 4208 quis
2492 4123 2872 4206 intenderet,
2924 4123 3259 4189 habiturus
3290 4129 3462 4188 esset
3489 4119 3861 4207 praemium,

802 4473 832 4520 5
869 4472 1150 4520 ortantibus
1189 4470 1233 4516 P
1435 4470 1466 4518 6
1505 4471 1661 4518 uetris
1699 4470 1743 4516 P
1948 4468 1978 4516 7
2017 4469 2326 4519 adortatione
2363 4471 2408 4517 P
2613 4470 2915 4532 compellans
2960 4469 3047 4531 Uy.
3258 4468 3288 4517 8
3326 4469 3671 4529 cuiusqueque
3713 4468 3758 4514 P

801 4554 902 4609 44·
980 4558 995 4606 l
1041 4561 1298 4606 ΥΠΕΛΕΤΟ
1339 4556 1383 4602 P
1621 4555 1651 4603 2
1690 4556 1864 4603 ulnoes
1903 4556 1947 4602 P
2185 4560 2214 4605 3
2252 4554 2391 4623 cum]
2428 4563 2480 4605 et
2517 4557 2746 4605 Flendus
2784 4556 2897 4617 Be‘p.
3010 4600 3015 4605 ,
3140 4569 3272 4603 arma
3307 4553 3425 4603 add.
3474 4553 3586 4615 U9.,
3625 4566 3719 4602 om.
3764 4553 3809 4599 P

630 4645 900 4706 proniciem
943 4644 985 4691 P
1258 4644 1286 4692 4
1326 4645 1614 4703 coperantcs
1651 4642 1709 4701 P,
1751 4649 2090 4703 comparantes
2135 4642 2224 4702 Uy.
2508 4643 2782 4706 quidquam
2820 4643 2877 4704 P,
2920 4643 3041 4704 quid
3079 4646 3168 4690 aut
3209 4642 3297 4701 Uy.
3340 4640 3478 4700 volvo
3738 4639 3872 4690 ,reli-

632 4737 868 4792 queretur
905 4730 949 4777 P
1187 4730 1216 4777 5
1254 4730 1315 4777 nd
1351 4731 1406 4777 in
1445 4729 1489 4775 P
1531 4728 1639 4790 U9.,
1683 4730 1733 4775 in
1772 4743 1867 4776 om.
1917 4725 2064 4777 Ven.⁴
2295 4731 2589 4791 penelopem
2628 4729 2673 4776 P
2716 4729 2826 4789 Ἡρη
2867 4730 3150 4791 Penelopen
3186 4729 3343 4790 volqo,
3387 4726 3684 4787 Penelopam
3719 4737 3807 4786 eyo

631 4817 748 4864 inde
794 4813 936 4864 ναι(
969 4817 1110 4876 volyo
1384 4827 1557 4864 cumeo
1595 4814 1640 4862 P
1922 4814 1952 4863 6
1988 4820 2265 4862 certensem
2304 4815 2349 4861 P
2621 4815 2931 4864 diuersatum
2976 4814 3065 4875 Uo.
3347 4812 3737 4861 comminiscitur
3780 4809 3868 4870 Uy.

634 4902 662 4949 7
702 4904 903 4951 euriclia
940 4904 984 4950 P
1221 4906 1331 4951 eius
1377 4901 1463 4962 Uy.
1504 4903 1646 4961 υοι9ο
1900 4900 1929 4950 8
1968 4902 2290 4949 animauertit
2328 4900 2372 4946 P
2608 4907 2791 4965 pinaso
2830 4901 2886 4962 P,
2939 4903 3176 4950 Parnasso
3222 4900 3311 4961 Uy.
3570 4897 3600 4945 9
3638 4899 3729 4959 qui
3767 4894 3811 4942 P

635 4989 876 5036 alunnum
922 4987 1008 5048 Uy.
1223 4991 1446 5050 agnoscit
1491 4985 1632 5036 Vm!
1666 4989 1805 5047 volyo
2022 4987 2079 5034 10
2116 4990 2268 5035 cariat
2302 4989 2545 5035 coercitur
2583 4988 2627 5034 P

806 5071 907 5126 45.
985 5074 1001 5122 l
1047 5089 1215 5136 proces
1252 5077 1318 5137 1²3
1379 5075 1455 5123 hic
1491 5088 1658 5121 venue
1695 5073 1760 5120 ud
1797 5074 2070 5133 ercnuplum
2107 5086 2294 5132 eorum,
2349 5088 2471 5133 quae
2512 5073 2685 5134 Odys-³.
2730 5074 2883 5121 XVII
2918 5075 3017 5122 365
3043 5088 3111 5134 sq.
3153 5074 3413 5134 leyuntur,
3455 5072 3746 5131 compositus
3780 5083 3877 5117 esse

634 5162 856 5223 videtur-3
900 5162 1070 5208 Har-tel
1108 5178 1221 5216 eum
1259 5180 1317 5212 ex
1360 5160 1537 5224 Odys-9.
1580 5162 1672 5208 XX
1710 5163 1807 5209 178
1838 5161 2115 5221 profectum
2150 5174 2247 5206 esse
2283 5162 2453 5208 statuit
2708 5157 2737 5207 2
2775 5160 3003 5221 resippus
3041 5159 3097 5221 P,
3144 5160 3415 5220 Eresippus
3459 5157 3565 5219 U9.‚
3607 5155 3877 5218 Ctesippus

635 5249 892 5296 decursim
1140 5259 1315 5311 ulixen
1358 5248 1417 5309 P,
1459 5246 1687 5306 Vlyssem
1732 5246 1820 5307 Uy.
2088 5249 2116 5292 3
2156 5246 2516 5294 thecolimenus
2556 5246 2612 5308 P,
2654 5246 3000 5295 Theoclimeus
3047 5245 3135 5304 Uy.
3175 5258 3299 5293 corr.
3348 5241 3489 5291 Ven.⁴
3748 5246 3776 5289 Ξ
3813 5241 3873 5301 P,

634 5339 796 5381 autem
842 5332 924 5393 Uy.
1148 5346 1286 5425 ⁸pud
1338 5338 1428 5397 υς.
1642 5333 1929 5382 Ithacenses
1974 5333 2058 5393 Uy.
2291 5340 2498 5395 exparte
2539 5333 2583 5379 P
2624 5332 2735 5394 Uo„
2778 5337 3013 5394 expertae
3053 5331 3193 5393 Par„
3232 5336 3471 5392 expertus
3510 5329 3626 5379 Διά.
3668 5329 3810 5388 volyo

631 5421 848 5469 Iminens
891 5418 971 5478 12³9.
1181 5446 1214 5503 4
1257 5421 1572 5490 c„afflatione
1609 5420 1830 5467 derrisus
1870 5421 1913 5467 P
2118 5426 2355 5480 tanquam
2400 5419 2484 5480 Uy.

796 5499 889 5554 46.
959 5502 977 5550 1
1017 5516 1126 5611 φρε
1203 5539 1254 5595 I,
1552 5506 1581 5551 3
1621 5506 1832 5565 philotio
1872 5507 1926 5569 P,
1967 5507 2213 5555 Philaetio
2261 5506 2369 5565 Uy„
2414 5505 2654 5554 Philoetio
2690 5505 2822 5554 ὅσοι.
3106 5505 3329 5550 confixus
3368 5501 3425 5561 P,
3479 5504 3721 5550 eonssssus
3764 5500 3873 5562 U9.,

626 5592 829 5639 confisus
862 5587 960 5640 Par.
1126 5564 1277 5713 equi
1323 5606 1380 5660 p
1424 5594 1538 5654 Cy„
1580 5592 1693 5653 quis
1732 5593 1863 5641 δραι.
2075 5592 2103 5639 4
2142 5599 2365 5654 tempore
2404 5591 2448 5639 P
2476 5593 2633 5652 volyo,
2675 5604 2762 5653 pro
2797 5595 3015 5652 tempore
3059 5588 3170 5649 U9.‚
3210 5602 3273 5636 ex
3309 5593 3531 5651 tempore
3567 5600 3650 5648 eqo

3403 5688 3461 5739 31

759 5687 789 5727 Δ
796 5695 903 5726 nour
907 5697 958 5739 γε,
