4630 6435
715 432 839 492 254
2201 426 2505 481 AVSONII

1783 791 1875 854 IN
1924 791 2266 857 CAECVM
2312 791 2425 855 ET
2472 789 2902 855 CLAVDVM.
2945 845 2950 849 .

1208 948 1284 1012 V.
1389 946 1688 1012 Insidens
1735 967 1926 1011 caeco
1972 944 2264 1028 graditur
2307 946 2474 1030 pede
2522 946 2792 1010 claudus
2840 952 3137 1027 utroque:
3877 963 3969 1012 132

1559 1071 1682 1133 quo
1729 1056 1903 1116 earet
1946 1050 2253 1114 alteruter
2297 1048 2491 1114 sumit
2534 1049 2616 1114 ab
2661 1048 2987 1114 alterutm.

1388 1174 1618 1219 caecus
1663 1174 1938 1237 namque
1985 1153 2186 1237 pedes
2233 1152 2465 1218 claudo
2512 1171 2932 1235 gressumque
2977 1151 3329 1231 ministrat,

1561 1264 1628 1322 at
1672 1258 1942 1323 claudus
1989 1277 2178 1322 caeco
2224 1255 2470 1321 lumina
2513 1275 2626 1339 pro
2672 1254 2969 1340 pedibuS.

1600 1567 1918 1633 ALITER
1961 1567 2053 1632 IN
2102 1567 2444 1633 CAECVM
2490 1568 2601 1631 ET
2648 1565 3078 1632 CLAVDVM.

1176 1726 1284 1788 Vl.
1390 1723 1695 1788 Ambulat
1737 1721 2024 1788 insidens
2070 1743 2262 1788 caeco
2309 1722 2474 1807 pede
2519 1728 2744 1806 eaptus
2790 1728 3055 1804 utroque
3877 1740 3971 1790 133

1561 1834 1754 1910 atque
1799 1828 2051 1892 alterna
2095 1826 2266 1891 subit
2310 1826 2529 1890 munia
2574 1825 2898 1907 debilitas.

1391 1951 1539 1995 nam
1585 1950 1816 1995 caecus
1863 1930 2093 1996 claudo
2139 1928 2305 2014 pede
2352 1929 2752 2009 commodat,
2806 1928 2919 1993 ille
2968 1927 3251 1993 vicissim

1563 2040 1781 2099 mutua
1825 2032 1938 2098 dat
1982 2053 2174 2099 caeco
2220 2032 2464 2098 lumina
2510 2053 2620 2116 pro
2664 2030 2961 2116 pedibus.

1820 2345 1915 2409 IN
1960 2344 2372 2409 VENEREM
2417 2341 2861 2407 ARMATAM.

1143 2502 1283 2565 VII.
1387 2501 1711 2564 Armatam
1759 2500 1979 2564 Pallas
2023 2500 2338 2564 Venerem
2385 2498 2871 2565 Lacedaemone
2919 2498 3166 2577 visenn,
3910 2517 3973 2567 43

1560 2605 1742 2668 visne
1791 2603 1920 2688 (ut)
1976 2603 2320 2669 ‘iudicium
2368 2602 2463 2669 sie
2505 2603 2871 2668 ineamus'?
2914 2601 3025 2667 ait.

1390 2707 1488 2773 eui
1537 2708 1754 2771 Venus
1800 2706 2127 2773 arridens:
2189 2705 2379 2791 ‘quid
2425 2727 2526 2771 me
2572 2707 2836 2789 galeata
2878 2705 3195 2771 lacessis?

1562 2811 1814 2876 vincere
1861 2811 1915 2875 si
1963 2831 2225 2896 possum
2271 2811 2486 2892 nuda,
2539 2810 2694 2893 quid
2739 2830 2919 2875 arma
2962 2811 3273 2894 gerens’?

1838 3123 1931 3187 IN
1977 3120 2289 3186 IMAGIN
2293 3121 2413 3184 EM
2459 3119 2849 3186 VENERIS.

1114 3280 1284 3343 VIII.
1394 3280 1725 3343 Emersam
1773 3278 1988 3363 pelagi
2038 3297 2241 3362 nuper
2283 3276 2677 3361 genitalibus
2723 3276 2913 3342 undis
3880 3295 3976 3344 106

1569 3382 1812 3467 Cyprin
1858 3381 2113 3465 Apellei
2159 3400 2346 3447 cerne
2392 3379 2630 3445 laboris
2674 3399 2871 3465 opuS,

897 3683 941 3726 V
979 3687 1030 3727 et
1067 3681 1155 3728 Vl.
1233 3681 1388 3728 Anth.
1433 3681 1535 3731 Pal.
1580 3681 1736 3727 VIIII
1780 3679 1839 3727 12
1878 3680 2037 3740 (Plan.
2081 3681 2102 3726 Ι
2140 3678 2189 3741 4,
2231 3677 2263 3726 2
2299 3673 2617 3739 Αεωνίδου);

1545 3762 1751 3835 Τυφλὸς
1789 3762 2052 3834 ἀλητεύων
2088 3762 2262 3835 χωλὸν
2299 3762 2463 3822 πόδας
2498 3761 2771 3833 ἠέρταζεν,

1679 3849 1902 3921 ὄμμασιν
1940 3848 2225 3919 ἀλλοτρίοις
2262 3848 2725 3918 ἀντερανιζόμενος.

1546 3935 1704 4006 ἄμφω
1742 3932 1790 3987 δ’
1831 3934 2097 4004 ἡμιτελεῖς
2135 3935 2260 4007 πρὸς
2298 3934 2410 3994 ἑνὸς
2449 3935 2595 4005 φύσιν
2631 3933 3001 4005 ἡρμόσθησαν,

1683 4021 1957 4081 τούλλιπὲς
1994 4021 2240 4092 ἀλλήλοις
2275 4020 2789 4094 άντιπαρασχόμενοι.

730 4114 792 4162 cs.
845 4111 895 4160 11
941 4120 993 4160 et
1036 4112 1093 4160 13
1139 4114 1292 4171 (I'Ian.
1339 4114 1355 4159 1
1397 4112 1446 4174 4,
1493 4112 1508 4159 l
1556 4119 1605 4160 et
1644 4113 1695 4172 3)

895 4200 1007 4249 VII.
1088 4199 1243 4246 Anth.
1285 4200 1385 4247 Pal.
1431 4200 1553 4246 xvl
1596 4196 1690 4246 174
1739 4199 1893 4259 (Plan.
1937 4200 2040 4247 1111
2083 4197 2162 4256 12,
2207 4197 2270 4246 22
2308 4194 2627 4258 ἀδέσποτον).
2703 4191 2795 4253 Εἰς
2830 4195 2923 4264 τὴν
2963 4194 3015 4246 ἐν
3054 4191 3264 4265 Σπάρτῃ
3302 4191 3514 4246 ἔνοπλον
3548 4187 3873 4262 Ἀφροδίτην;

1553 4280 1759 4339 Παλλὰς
1793 4281 1885 4334 τὰν
1923 4278 2211 4352 Κυθέρειαν
2250 4280 2464 4334 ἔνοπλον
2503 4279 2666 4333 ἔειπεν
2706 4281 2914 4333 ἰδοῦσα·

1689 4365 1920 4437 ’Κύπρῃ
1962 4366 2133 4426 θέλεις
2174 4366 2338 4427 οὕτως
2376 4367 2428 4426 ἐς
2463 4366 2624 4440 κρίσιν
2663 4365 2983 4439 ἐρχόμεθα;’

1546 4456 1581 4523 ἡ
1619 4450 1668 4507 δ’
1710 4454 1906 4507 ἁπαλὸν
1942 4453 2198 4524 γελάσασα
2239 4453 2317 4506 *τί
2355 4472 2444 4523 μοι
2481 4453 2637 4512 σάκος
2674 4452 2841 4505 ἀντίον
2881 4452 3068 4526 αἷρεινς

1686 4541 1729 4592 εί
1766 4539 1935 4611 γυμνὴ
1974 4548 2131 4603 νικῶ,
2175 4547 2284 4597 πῶς
2323 4538 2440 4591 ὅταν
2480 4538 2615 4592 ὅπλα
2650 4538 2817 4606 λάβω’

895 4629 1038 4677 vm.
1116 4630 1272 4678 Anth.
1327 4630 1433 4678 Pal.
1483 4631 1603 4677 xvl
1648 4629 1741 4678 178
1795 4630 1956 4692 (Plan.
2002 4630 2103 4677 1111
2147 4628 2239 4688 12,
2282 4628 2349 4678 26
2398 4619 2729 4696 Ἀντιπάτρου
2782 4623 3068 4688 Σιδωνίου).
3145 4622 3236 4683 Εἰς
3282 4625 3377 4693 τὴν
3422 4621 3717 4696 Ἀφροδίτην
3764 4622 3981 4697 ἀνερχο-

723 4712 881 4782 μένην
919 4711 1019 4765 ἀπὸ
1059 4712 1347 4782 θαλάττηςς
2478 4740 2480 4742 >

1546 4798 1651 4853 Τὰν
1689 4798 2038 4868 ἀναδυομὲναν
2076 4799 2176 4852 ἀπὸ
2215 4799 2434 4869 ματέρος
2472 4798 2585 4869 ἄρτι
2622 4797 2881 4857 θαλάσσας

1688 4883 1915 4954 Κύπριν,
1957 4879 2258 4939 Ἀπελλείου
2299 4885 2499 4957 μόχθον
2538 4885 2632 4954 δρα
2669 4885 2942 4955 γραφίδος,

1552 4975 1622 5031 ὡς
1658 4972 1774 5043 χερὶ
1812 4972 2162 5041 συμμάρψασα
2200 4971 2474 5044 διάβροχον
2511 4970 2652 5024 ὕδατι
2688 4970 2871 5044 χαίταν

1687 5056 1912 5126 ἐκθλίβει
1948 5065 2169 5128 νοτερῶν
2208 5057 2371 5129 ἀφρὸν
2408 5056 2511 5111 άπὸ
2548 5057 2851 5126 πλοκάμων.

1550 5144 1696 5198 αὐταὶ
1731 5149 1819 5196 νῦν
1859 5144 2083 5213 ἐρέουσιν
2121 5138 2374 5214 Ἀθηναίη
2408 5163 2461 5196 τε
2498 5145 2585 5197 καὶ
2607 5137 2751 5216 Ἤρη
2772 5162 2783 5171 ·

1693 5230 1896 5284 ὀὐκέτι
1932 5248 2011 5283 σοι
2047 5235 2249 5302 μορφᾶς
2284 5230 2359 5290 είς
2396 5231 2498 5303 ἔριν
2536 5230 2818 5304 &mdis-⁵82⁹

895 5491 961 5538 V.
1040 5492 1245 5551 Leyitur
1281 5495 1335 5540 in
1366 5491 1426 5553 ρ*
1634 5508 1696 5541 ex
1734 5494 1920 5542 Graeco
1957 5492 2076 5542 add.
2127 5493 2213 5554 Uy.

897 5578 985 5626 VI.
1064 5578 1204 5625 Idem
1254 5579 1338 5638 Uy.
1381 5582 1523 5639 volyo
1733 5579 1762 5628 3
1800 5594 1891 5641 pes
1937 5577 2095 5641 Venss,
2139 5581 2263 5641 pede
2310 5580 2398 5640 159.
2437 5578 2495 5641 ρ*

897 5664 1007 5712 Vll.
1087 5662 1117 5710 2
1157 5668 1214 5711 ut
1248 5678 1345 5713 om.
1385 5664 1551 5726 Ven.3‚
1592 5667 1706 5715 add.
1746 5664 1892 5714 Van.⁴

901 5751 1044 5799 VIII.
1120 5751 1179 5798 In
1218 5751 1468 5800 Venerem
1507 5754 1913 5814 Anadyomenem
1959 5752 2050 5812 Uo.
2096 5753 2508 5814 (Anadyomenen
2545 5769 2575 5801 a
2613 5755 2775 5816 volyo)
