4630 6435
1794 463 2206 518 EPITAPHIA
2251 466 2430 527 (XVll
2448 484 2476 519 τ.
3687 470 3765 529 79

1200 660 1575 737 perpetuum
1623 653 1780 718 mihi
1826 674 1938 718 ver
1980 654 2118 737 agit
2156 654 2643 721 inlacrimabilis
2688 674 2850 719 urna

1364 764 1428 821 et
1473 756 1859 821 commutavi
1905 758 2202 840 saecula,
2255 778 2380 822 non
2428 758 2581 823 obii.

1046 882 1071 920 ε»
1190 858 1370 923 nulla
1418 859 1570 923 mihi
1621 859 1856 923 veteris
1901 860 2230 943 perierunt
2273 859 2514 943 gaudia
2560 861 2766 937 vitae,

1364 981 1474 1025 seu
1524 961 1893 1029 meminisse
1941 969 2127 1045 putes
2174 963 2389 1027 omnia
2435 963 2571 1028 sive
2616 964 2801 1028 nihil.

2069 1304 2184 1371 31.
3577 1349 3602 1392 5

1168 1476 1307 1540 Vna
1351 1476 1647 1559 quidem,
1700 1476 1974 1560 geminis
2021 1476 2229 1560 fulget
2274 1483 2373 1541 set
2418 1477 2649 1543 dissita
2694 1478 2950 1563 punctis
3450 1503 3653 1561 (epigr.)
3700 1503 3765 1550 35

1342 1581 1594 1645 littera:
1647 1600 2037 1664 praenomen
2085 1580 2176 1644 sic
2221 1587 2376 1644 nota
2426 1580 2566 1645 sola
2611 1581 2789 1647 facit.
3628 1588 3762 1646 (Vm)

1166 1689 1311 1766 post
1353 1683 1418 1747 M
1461 1683 1732 1747 incisum
1781 1690 1917 1747 est:
1972 1689 2128 1767 puto
2176 1682 2307 1748 sic:
2359 1703 2485 1748 non
2532 1690 2667 1748 tota
2711 1684 2997 1751 videtur:

1339 1785 1620 1850 dissiluit
1667 1785 1809 1850 saxi
1859 1784 2176 1869 fragmine
2222 1786 2443 1851 laesus
2489 1807 2681 1872 apex.

1032 1914 1057 1951 5
1167 1909 1285 1955 nec
1330 1890 1704 1973 quisquam,
1759 1889 2000 1953 Marius
2048 1908 2162 1954 seu
2207 1890 2488 1955 Marcius
2535 1910 2703 1955 anne
2753 1891 3053 1957 Metellus

1337 1993 1441 2058 hic
1484 1993 1725 2073 iaceat,
1780 1993 1973 2056 certis
2019 1993 2268 2057 noverit
2312 1991 2589 2058 indiciis.

1163 2096 1474 2161 truncatis
1520 2095 1828 2160 convulsa
1871 2094 2085 2160 iacent
2131 2095 2454 2160 elementa
2500 2096 2757 2178 figuris.

1337 2199 1548 2263 omnia
1594 2198 1876 2263 confusis
1921 2198 2220 2263 interiere
2266 2200 2459 2263 notis.

1162 2303 1463 2368 miremur
1505 2302 1777 2387 periisse
1826 2302 2159 2367 homines?
2201 2309 2613 2368 monumenta
2658 2303 2994 2369 fatiscunt:

996 2429 1053 2468 ιο
1333 2426 1503 2471 mors
1550 2406 1744 2471 etiam
1792 2406 1969 2470 saxis
2014 2405 2504 2488 nominibusque
2550 2408 2751 2473 venit.

1275 2750 1388 2817 32.
1434 2748 1675 2814 IVSSV
1721 2748 2094 2813 AVGVSTI
2141 2748 2368 2826 EQVO
2414 2750 2945 2816 ADMIRABILI.

1157 2922 1561 3006 Phosphore,
1616 2921 1878 2986 clamosi
1927 2922 2210 3007 spatiosa
2255 2942 2374 3006 per
2416 2941 2697 3005 aequora
2743 2923 2890 2988 circi
3366 2946 3465 2994 252
3507 2946 3723 3005 (xxxv

1333 3033 1635 3112 septenas
1682 3025 1910 3091 solitus
1957 3027 2158 3092 victor
2202 3025 2379 3091 obire
2424 3026 2601 3105 vias,
3653 3038 3665 3093 (
3684 3034 3723 3079 V

1157 3130 1644 3215 inproperanter
1690 3148 1894 3212 agens
1938 3129 2178 3213 primos
2225 3152 2265 3195 a
2312 3149 2567 3195 carcere
2613 3149 2868 3206 cursus,

1330 3234 1510 3300 fortis
1554 3235 1954 3318 praegressis
2002 3241 2072 3299 ut
2114 3235 2429 3319 potereris
2475 3235 2656 3318 equis

1022 3361 1047 3400 ⁵
1166 3341 1178 3418 s(
1194 3343 1551 3423 promptum
1598 3342 1662 3400 et
1706 3337 1962 3402 veloces
2008 3345 2146 3402 erat
2188 3338 2541 3422 anticipare
2585 3337 2968 3420 quadrigas.

1326 3441 1601 3505 victores
1646 3440 1838 3505 etiam
1885 3440 2142 3506 vincere
2190 3441 2335 3506 laus
2381 3442 2646 3524 potior):

1156 3543 1324 3609 hunc
1369 3542 1622 3608 titulum
1671 3543 1817 3607 vani
1868 3544 2110 3609 solacia
2156 3563 2338 3609 sume
2386 3543 2665 3628 sepulcri

1328 3654 1392 3713 et
1435 3645 1709 3728 gradere
1755 3646 2012 3730 Elysios
2057 3664 2333 3730 praepes
2378 3645 2462 3710 ad
2507 3646 2825 3729 alipedes.

1154 3751 1445 3832 Pegasus
1493 3748 1641 3813 hinc
1689 3748 1915 3814 dexter
1958 3754 2170 3814 currat
2214 3749 2369 3829 tibi,
2423 3748 2651 3814 laevus
2695 3749 2893 3814 Arion

988 3877 1044 3915 ιυ
1325 3851 1499 3916 funis
1547 3857 1680 3930 eat,
1733 3858 2026 3934 quartum
2076 3850 2185 3916 det
2228 3851 2343 3917 tibi
2390 3851 2619 3917 Castor
2663 3871 2922 3935 equum.

659 4146 759 4202 81.
827 4151 858 4199 9
885 4166 959 4214 sq.
1007 4153 1125 4200 Luc.
1169 4148 1452 4210 Contempl.
1499 4146 1562 4196 23
1601 4163 1641 4195 s.
1685 4148 1721 4195 s.
1772 4146 1856 4206 (cf.
1901 4146 2003 4195 Cic.
2046 4147 2103 4194 ad
2144 4149 2261 4197 sam.
2305 4148 2405 4194 1111
2447 4147 2499 4209 5,
2539 4147 2568 4195 4
2642 4149 2798 4195 Rutu.
2842 4148 3032 4198 Namnt.
3076 4149 3097 4195 Ῐ
3135 4148 3234 4197 413
3260 4153 3363 4212 sq.)

653 4443 685 4490 6
720 4443 848 4491 felix
885 4458 974 4492 seu
1011 4444 1216 4491 memini
1254 4444 1366 4489 siue
1405 4441 1529 4488 nihil
1568 4443 1775 4488 memini
1812 4457 1855 4489 ω

651 4523 753 4579 81.
825 4529 904 4576 De
941 4531 1145 4576 nomine
1180 4528 1445 4576 cuiusdam
1486 4528 1629 4574 Lucii
1667 4528 1861 4588 sculpto
1901 4528 2060 4588 (Latii
2099 4528 2263 4575 sculto
2286 4524 2362 4588 οἳ,
2403 4527 2588 4588 scripto
2624 4525 2724 4585 mu)
2774 4527 2824 4573 in
2863 4540 3101 4574 marmore
3141 4528 3430 4589 (marmoreo
3466 4531 3628 4591 lapide
3663 4528 3734 4590 ⁴1²²)

473 4611 666 4660 murm:
687 4617 846 4674 volqo,
891 4615 965 4662 De
990 4616 1204 4662 ²nomine
1243 4615 1385 4661 Lucii
1423 4614 1665 4675 insculpti
1696 4630 1745 4674 v,
1785 4614 1985 4660 nullum
2010 4614 2187 4660 lemnw
2224 4611 2389 4674 VTM3
2431 4629 2478 4660 v.
2512 4615 2759 4660 7—10112
2782 4608 2868 4674 1²³3
2910 4612 3099 4661 viderat
3128 4615 3381 4662 Ausonius
3404 4614 3739 4675 fraymentum

475 4700 621 4746 huius
653 4701 815 4748 modi:
859 4701 923 4749 D.
953 4701 1018 4750 M.
1053 4702 1108 4748 1..
1137 4701 1167 4748 Β
1220 4706 1365 4762 atque
1390 4700 1477 4747 has
1501 4701 1690 4747 litteras
1714 4699 1923 4759 fortasse
1949 4702 2000 4746 in
2024 4701 2258 4746 carminis
2283 4699 2426 4746 huius
2449 4698 2612 4758 fronte
2637 4701 2891 4758 scripserat
3108 4698 3124 4747 l
3174 4701 3360 4748 Lucius
3397 4713 3498 4749 una
3534 4701 3735 4762 quidem

475 4787 693 4844 geminis
732 4786 819 4835 sod
857 4785 920 4847 (si
964 4787 1019 4849 Τ)
1058 4802 1101 4836 ω
1138 4788 1282 4846 volyo
1491 4785 1520 4833 2
1559 4787 1630 4834 sic
1667 4786 1746 4834 L..
1789 4786 1931 4844 volqo
2141 4786 2263 4832 fecit
2294 4785 2334 4832 V
2540 4783 2570 4831 3
2609 4785 2659 4832 M
2698 4798 2793 4832 om.
2838 4784 2889 4842 V,
2932 4786 2983 4831 in
3023 4799 3102 4833 me
3134 4785 3188 4832 M
3394 4787 3467 4833 sic
3505 4803 3551 4834 m
3590 4789 3735 4847 volyo

474 4871 508 4918 4
546 4871 754 4919 desiluit
792 4871 1038 4920 Raetus-em
1267 4874 1297 4921 5
1335 4862 1505 4934 quisq⁵
1553 4871 1592 4916 V
1814 4884 2009 4918 marcus
2054 4871 2160 4932 Vm,
2199 4870 2389 4918 Marius
2430 4870 2624 4917 Gronov
2851 4873 3059 4918 martius
3095 4870 3235 4920 codd.
3463 4877 3577 4933 pont
3613 4889 3660 4920 υ.
3705 4873 3737 4921 6

473 4961 689 5016 spatium
727 4960 779 5006 in
825 4958 867 5004 T
1129 4958 1156 5005 7
1196 4960 1434 5006 troncatis
1474 4958 1516 5003 T
1759 4957 1918 5005 latent
1955 4956 2202 5004 Baehrens
2448 4954 2479 5002 8
2516 4957 2719 5003 nomina
2762 4956 3004 5003 Graevius
3246 4957 3278 5004 9
3317 4965 3651 5006 munumenta
3701 4959 3741 5005 V

484 5043 622 5102 (corr.
663 5039 750 5100 m2,
969 5033 1183 5092 ruffam-it
1231 5044 1268 5089 V
1303 5044 1349 5104 (e
1384 5041 1472 5105 m2)
1693 5042 1754 5091 Lo
1790 5045 1961 5090 saxis*
2007 5043 2046 5088 V

649 5124 751 5180 82.
823 5130 962 5191 Equo
998 5130 1125 5178 adm.
1169 5133 1267 5178 iuae.
1309 5132 1441 5190 Aug.
1481 5130 1615 5178 Seal.
1657 5130 1794 5189 volyo
2043 5127 2060 5176 1
2105 5105 2369 5191 prospbere
2422 5128 2459 5173 V
2493 5129 2537 5188 (r
2571 5124 2667 5190 m2,
2705 5129 2737 5175 h
2775 5128 2894 5188 del.)
2937 5143 3060 5176 corr.
3112 5129 3222 5177 Vin.
3463 5144 3646 5191 panos·
3695 5132 3735 5177 V

484 5215 680 5274 (panon
703 5229 742 5263 ε.
774 5231 820 5260 υ.
849 5231 917 5262 m.
945 5218 1085 5277 rem),
1130 5216 1355 5279 spaciosa
1380 5214 1542 5274 Luyd.
1758 5214 1787 5262 2
1826 5220 2032 5276 septena
2066 5215 2250 5263 Vcorr.
2281 5213 2442 5273 Luqd.
2656 5215 2686 5260 3
2724 5203 2920 5262 cernere
2966 5214 3007 5260 V
3032 5217 3078 5271 (a
3102 5210 3193 5270 νηὶ)
3410 5216 3439 5264 4
3479 5217 3656 5278 aequis
3698 5217 3740 5263 V

476 5299 512 5347 5
552 5284 696 5361 prdtd
741 5300 782 5346 V
984 5306 1091 5362 pont
1127 5317 1174 5350 υ.
1217 5301 1247 5349 6
1287 5301 1530 5362 quaedam
1565 5300 1801 5348 excidisse
1836 5302 2114 5360 auspicatur
2151 5299 2422 5348 Mommsen
2632 5299 2661 5347 8
2699 5276 2866 5347 eli⁸¹os
2911 5300 2952 5345 V
3154 5299 3186 5346 9
3225 5291 3395 5349 dester
3426 5301 3465 5346 V
3491 5302 3540 5359 (x
3567 5298 3653 5360 m²f

473 5386 649 5434 herion
696 5386 736 5432 V
773 5386 824 5446 (h
861 5391 1007 5443 eras.)
1319 5386 1380 5435 10
1418 5388 1588 5435 suniae
1625 5387 1682 5435 ad
1731 5387 1769 5434 V
1811 5388 1900 5444 (ise
1938 5390 1991 5433 in
2025 5387 2175 5448 ram),
2215 5387 2400 5434 funalis
2448 5387 2556 5435 Vin.
2596 5387 2761 5447 υοιρο,
2800 5387 2910 5433 funi
2950 5387 3037 5433 sed
3074 5385 3371 5444 Salmasius,
3414 5387 3537 5434 {nne
3572 5389 3615 5434 is
3652 5391 3734 5435 eat

491 5471 665 5533 Emer,
706 5471 921 5532 sortasse
955 5474 1078 5521 tune
1115 5477 1196 5521 eat
1231 5488 1286 5521 ac
