4630 6435
1924 440 2382 495 Paoosmvu.
3553 422 3779 500 XXXI

528 663 655 731 nisi
715 667 884 749 quod
944 686 1087 731 eum
1136 664 1381 728 Ludum
1438 665 1873 748 composuisse
1918 671 2335 748 compererat.
2430 662 2547 727 sed
2591 660 2905 727 accedunt
2949 661 3083 725 alia
3126 680 3203 725 ac
3247 661 3543 743 graviora
3588 678 3782 742 argu-

527 794 765 851 menta.
858 807 985 851 non
1046 785 1213 850 enim
1275 784 1558 868 pudebat
1602 785 1942 868 Vgoletum
2001 790 2361 850 commenta
2419 802 2536 847 sua
2594 783 2813 866 inepta
2869 789 3062 864 atque
3107 780 3366 846 inficeta
3408 800 3523 865 pro
3570 780 3783 844 Auso-

528 906 739 972 nianis
782 906 1137 971 venditare.
1231 904 1323 969 sic
1368 904 1718 971 Sententiis
1765 911 2006 989 septem
2054 904 2416 988 sapientum
2466 902 2759 969 adiunxit
2802 902 3201 986 epigramma
3254 902 3351 982 (A.
3391 901 3488 963 ΠΙ
3520 901 3581 984 2)
3633 918 3783 983 pes-

530 1028 689 1092 sime
735 1049 776 1092 a
821 1046 891 1093 se
937 1046 1017 1090 ex
1064 1025 1311 1091 Graeco
1356 1026 1754 1103 translatum,
1812 1045 1867 1089 e.
1917 1030 2018 1105 50,
2074 1023 2245 1107 quod
2291 1023 2732 1108 imperfectum
2779 1042 2923 1089 esse
2967 1029 3140 1087 recte
3185 1020 3611 1101 intellexerat,
3667 1039 3783 1084 ex-

530 1147 731 1232 plevit
788 1153 1090 1228 quattuor
1133 1145 1423 1211 versibus
1468 1145 1770 1225 adiectiS,
1840 1151 2030 1227 atque
2074 1143 2247 1208 idem
2293 1144 2447 1209 fecit
2489 1144 2555 1208 in
2601 1163 2659 1208 e.
2713 1145 2813 1223 87,
2882 1142 3056 1225 quod
3099 1162 3227 1207 non
3271 1161 3415 1207 esse
3460 1141 3780 1223 integrum

527 1275 704 1331 ratus
747 1266 902 1331 item
947 1273 1245 1349 quattuor
1288 1265 1539 1329 addidit
1582 1284 1808 1331 versus
1854 1284 1935 1329 ex
1981 1264 2259 1329 carmine
2306 1263 2499 1330 Anth.
2553 1264 2692 1328 Pal.
2743 1264 2837 1328 XI
2884 1266 3006 1326 254
3057 1263 3318 1347 petitos:
3394 1261 3673 1344 denique
3719 1260 3783 1324 iu

528 1386 841 1471 Cupidine
886 1386 1163 1451 cruciato
1209 1386 1468 1449 XXIIII
1501 1389 1538 1448 2
1585 1392 1731 1469 post
1774 1406 1835 1449 v.
1875 1388 1975 1464 24,
2031 1384 2142 1449 ubi
2190 1384 2545 1450 desiderari
2592 1383 2909 1468 quaedam
2953 1389 3356 1467 cognoverat,
3413 1402 3608 1447 unum
3639 1400 3785 1445 ver-

527 1526 666 1572 sum
725 1506 998 1572 inseruit
1047 1506 1133 1571 ad
1181 1505 1395 1571 Ovidii
1442 1506 1775 1588 exemplar
1819 1505 2174 1570 confictum.
2272 1525 2463 1587 quam
2510 1505 2590 1569 ob
2637 1525 2770 1570 rem
2815 1504 2967 1588 quin
3015 1504 3483 1588 epigrammata
3525 1502 3643 1566 illa
3689 1506 3786 1564 at-

527 1646 649 1710 que
711 1626 903 1691 etiam
966 1645 1079 1707 ea,
1149 1646 1316 1708 quae
1376 1626 1723 1690 feruntur
1781 1644 2119 1690 emanasse
2178 1646 2215 1690 e
2272 1625 2684 1709 bybliotheca
2728 1624 2808 1689 G.
2860 1622 3316 1705 Alexandrini,
3382 1624 3466 1688 ab
3511 1622 3784 1706 Vgoleto

527 1748 667 1832 ipso
713 1747 1002 1831 profecta
1045 1746 1187 1825 sint,
1245 1744 1542 1828 equidem
1589 1765 1715 1809 non
1762 1744 2006 1811 dubito.
2089 1745 2156 1809 id
2201 1745 2372 1828 quod
2418 1752 2670 1830 praeter
2713 1766 2794 1810 ea
2838 1745 3283 1829 comprobatur
3312 1743 3498 1808 Anici
3530 1740 3785 1806 Probini

527 1868 591 1931 in
649 1868 833 1932 titulo
893 1866 1373 1951 epigrammatis
1432 1866 1509 1930 A.
1563 1866 1619 1929 V
1665 1869 1746 1928 20
1807 1866 2438 1943 commemoratione3
2506 1887 2740 1931 nomen
2798 1866 2967 1931 enim
3028 1865 3192 1930 illud
3250 1864 3434 1929 finxit
3477 1862 3788 1945 Vgoletus

529 2008 767 2052 memor
826 2007 1073 2065 eorum,
1144 2006 1308 2068 quae
1369 1987 1617 2068 legerat
1675 1986 1850 2071 apud
1897 1986 2365 2066 Claudianum,
2436 2007 2627 2069 quem
2690 1986 2829 2072 ipse
2876 1993 3174 2068 quattuor
3217 1984 3405 2050 annis
3450 1989 3600 2047 ante
3645 1980 3789 2046 edi-

528 2107 740 2187 derat,
808 2114 874 2172 et
933 2106 1247 2171 chronicis
1303 2105 1576 2172 fortasse
1638 2106 1719 2171 de
1765 2107 2036 2171 Ausonii
2080 2107 2146 2171 in
2192 2108 2528 2173 consulatu
2574 2108 2830 2190 collega
2875 2106 3163 2172 edoctus.
3258 2106 3419 2170 haec
3461 2103 3660 2185 igitur
3705 2100 3785 2165 de

528 2227 783 2310 Vgoleti
829 2226 1057 2292 fraude
1104 2226 1447 2291 sufficiant.

700 2353 925 2430 quarto
993 2348 1131 2412 loco
1200 2346 1556 2411 describam
1628 2346 1972 2413 editionem
2033 2349 2395 2414 Venetam
2454 2369 2516 2413 a.
2583 2367 2782 2413 MDvn
2841 2349 2907 2413 in
2968 2349 3177 2413 lucem
3238 2346 3576 2424 emissam,
3653 2362 3783 2425 qua
3809 2322 3979 2425 Ϊιῗεῗῗῖῗ
4011 2325 4109 2364 ¹⁵⁰⁷

531 2470 612 2532 H.
648 2468 1025 2532 Avantius
1071 2467 1340 2531 alteram
1373 2467 1645 2533 Ausonii
1691 2468 2129 2533 recensionem
2176 2468 2490 2533 exhibuit.
2570 2469 2694 2534 hoc
2736 2469 2803 2533 in
2849 2468 3011 2534 libro
3058 2469 3329 2552 primum
3376 2465 3591 2530 editae
3638 2469 3785 2527 sunt

529 2587 875 2653 Theodosii
937 2587 1021 2651 ad
1079 2587 1429 2651 Ausonium
1495 2594 1560 2652 et
1617 2562 1887 2653 Ausonii
1945 2589 2029 2653 ad
2092 2589 2529 2655 Theodosium
2589 2590 2906 2675 epistulae
2976 2590 3061 2670 (I,
3114 2590 3244 2671 II),
3311 2584 3782 2671 Pythagoricon

538 2708 922 2790 {XXVIIII),
979 2706 1448 2772 Genethliacon
1488 2708 1754 2789 (XIIII),
1810 2709 1883 2771 E.
1923 2709 2131 2790 XVII,
2186 2709 2434 2789 XXIII,
2491 2709 2694 2790 XXV,
2752 2708 3028 2792 denique
3074 2709 3473 2794 epigramma
3517 2706 3597 2771 de
3643 2725 3782 2769 ma-

527 2835 621 2893 tre
669 2827 945 2910 Augusti
1002 2830 1095 2909 (A.
1150 2830 1204 2893 V
1253 2830 1388 2910 35).
1482 2835 1675 2909 atque
1736 2828 2136 2912 epigramma
2194 2829 2359 2895 illud
2421 2829 2590 2895 unde
2635 2830 2892 2913 petierit
2935 2829 3280 2908 Avantius,
3354 2847 3474 2910 ego
3520 2826 3779 2908 quidem

526 2948 772 3029 ignom.
854 2947 1106 3013 videtur
1149 2948 1576 3030 fragmentum
1624 2948 1924 3013 carminis
1955 2949 2289 3015 cuiusdam
2323 2970 2487 3031 esse,
2543 2971 2668 3033 quo
2698 2951 2821 3015 nisi
2854 2950 3047 3014 fallor
3078 2950 3265 3014 Livia
3293 2947 3771 3019 celebrabatur3

530 3066 644 3132 sed
689 3066 929 3132 frustra
975 3067 1275 3132 Ovidium
1322 3076 1386 3132 et
1432 3068 1979 3148 Consolationem,
2034 3091 2199 3152 quae
2245 3070 2329 3134 ad
2376 3090 2521 3136 eum
2567 3069 2736 3136 falso
2781 3070 3072 3151 refertur,
3128 3070 3359 3137 evolvi.
3452 3067 3519 3131 id
3566 3073 3779 3130 tamen

530 3195 767 3253 certum
829 3194 928 3253 est
983 3188 1065 3253 ab
1111 3188 1396 3254 Ausonio
1457 3188 1574 3253 hos
1634 3209 1859 3255 versus
1917 3191 2236 3275 profectos
2295 3212 2420 3257 non
2482 3211 2647 3258 esse.
2745 3198 2957 3258 cetera
3008 3197 3264 3276 praeter
3307 3186 3777 3274 Pythagoricon

528 3309 841 3373 Avantius
904 3309 1262 3393 desumpsit
1318 3330 1398 3374 cx
1457 3311 1831 3394 apographo
1875 3312 2150 3377 Parisini
2199 3314 2404 3395 8500,
2472 3313 2941 3396 Pythagoricon
2999 3333 3081 3378 ex
3127 3311 3635 3393 Guelferbytano
3680 3307 3779 3370 al-

527 3433 663 3493 tero
720 3427 906 3510 (Gud.
956 3432 1130 3507 145);
1184 3430 1251 3494 in
1297 3430 1574 3514 epistula
1617 3432 1800 3495 XXV
1845 3437 2058 3497 autem
2103 3438 2358 3516 praeter
2401 3433 2760 3498 Parisinum
2805 3433 3101 3498 adhibuit
3145 3433 3416 3497 alterum
3465 3427 3767 3504 codicem,

529 3548 841 3613 Vossiano
895 3553 1005 3611 111
1059 3550 1489 3631 simillimum3
1559 3572 1705 3616 nam
1753 3572 1833 3617 ex
1878 3552 1993 3617 tali
2039 3551 2295 3616 demum
2344 3553 2645 3632 lacunas,
2712 3573 2878 3636 quae
2925 3559 3073 3617 sunt
3115 3552 3181 3615 in
3233 3557 3291 3630 P,
3348 3571 3450 3614 vv,
3506 3552 3607 3626 53,
3664 3549 3766 3625 79,

531 3672 805 3748 89—92,
859 3670 1118 3752 explere
1164 3671 1369 3754 potuit
1423 3672 1523 3753 (cf.
1576 3672 1826 3756 Peiper.
1880 3674 2055 3755 342).
2603 3663 2606 3666 “

700 3788 848 3853 huic
909 3788 1176 3854 editioni
1234 3790 1583 3875 adiungam
1628 3792 2168 3857 Ascensianam
2230 3792 2311 3856 ab
2359 3791 2745 3877 Hieronymo
2790 3792 3116 3859 Alcandro
3161 3793 3566 3872 curatamffl).
3661 3809 3772 3852 ca-
3799 3767 4190 3865 ffliffimmffl

530 3907 803 3990 stigatus
848 3916 947 3974 est
989 3909 1057 3973 in
1103 3909 1220 3975 hoc
1265 3911 1427 3976 libro
1458 3913 1729 3976 Mosella
1773 3919 1965 3995 atque
2009 3913 2234 3977 ultimo
2280 3933 2470 3978 versu
2509 3913 2764 3979 adiecto
2795 3914 2861 3978 in
2895 3915 3212 3997 integrum
3246 3911 3596 3993 restitutus,
3650 3931 3779 3992 qua

528 4027 594 4091 in
638 4048 707 4093 re
740 4048 894 4093 usus
926 4037 1025 4093 est
1052 4029 1380 4097 Alcander
1411 4031 1630 4097 codice
1683 4036 1753 4097 ‘e
1784 4033 2175 4098 bibliotheca
2207 4032 2339 4098 divi
2369 4034 2628 4099 victoris
2656 4033 2721 4098 in
2754 4035 3120 4100 suburbano
3152 4032 3409 4119 parisiis
3442 4033 3768 4112 eruto’1213.

531 4169 609 4212 ex
669 4148 893 4214 codem
954 4149 1176 4216 codice
1236 4151 1439 4217 edidit
1496 4153 1793 4235 eglogam
1853 4154 1933 4218 de
1991 4154 2153 4218 rosis
2211 4155 2305 4236 (A.
2360 4155 2440 4238 II)
2497 4161 2686 4237 atquc
2732 4155 3016 4219 Ausonio
3073 4152 3399 4218 adtribuit.
3497 4158 3778 4217 ceterum

531 4267 758 4333 librum
817 4269 1037 4350 illum,
1105 4270 1160 4335 si
1218 4270 1566 4355 scripturas
1627 4274 1766 4338 eius
1826 4273 1892 4338 in
1937 4274 2217 4340 carmine
2263 4274 2345 4340 de
2392 4274 2553 4340 rosis
2596 4274 2990 4358 inspexeriS,
3058 4295 3267 4358 neque
3312 4274 3402 4338 ita
3446 4272 3778 4355 antiquum

531 4409 737 4470 neque
785 4389 1015 4454 bonum
1066 4389 1268 4456 fuisse
1313 4391 1503 4456 facile
1550 4393 1915 4476 intelleges.

700 4509 1110 4590 Iuntinam,
1163 4531 1328 4593 quae
1374 4532 1758 4596 quamquam
1806 4513 2029 4579 eodem
2077 4535 2243 4579 anno
2287 4536 2412 4596 quo
2456 4515 2694 4580 Aldina
2737 4515 2800 4580 in
2848 4516 3170 4599 publicum
3218 4515 3456 4580 emissa
3501 4521 3616 4592 est,
3670 4519 3772 4577 ta-
3800 4492 3979 4594 {mli
4011 4492 4106 4530 ¹⁵¹⁷

532 4649 677 4693 men
722 4629 895 4711 prior
938 4630 1054 4694 illa
1099 4631 1305 4695 lucem
1353 4632 1733 4716 adspexisse
1780 4632 2052 4698 videtur.
2150 4655 2299 4699 nam
2348 4636 2400 4701 si
2448 4637 2779 4700 Mosellam
2827 4637 3192 4721 exceperis,
3251 4635 3320 4700 in
3366 4634 3593 4700 ceteris
3641 4653 3783 4697 car-

532 4749 808 4813 minibus
868 4749 1167 4816 editionis
1228 4752 1557 4833 utriusque
1620 4774 1748 4818 non
1805 4761 1904 4819 est
1955 4774 2326 4820 consensus.
2422 4775 2611 4838 quam
2660 4757 2740 4821 ob
2789 4777 2919 4823 rem
2966 4755 3374 4821 statuendum
3419 4760 3517 4820 est
3561 4754 3781 4817 Avan-

529 4869 719 4950 tium,
786 4889 928 4934 cum
975 4871 1279 4935 Aldinam
1341 4873 1642 4956 parabat,
1714 4873 2036 4939 Iuntinam
2096 4875 2161 4938 in
2207 4876 2481 4941 Mosella
2539 4876 2941 4942 emendando
2999 4876 3064 4941 iu
3125 4875 3438 4941 auxilium
3483 4894 3773 4939 vocasse.

536 4988 601 5051 id
644 4988 817 5071 quod
864 4988 1056 5054 facile
1102 4991 1498 5075 intellegitur
1543 4993 1643 5058 his
1689 4994 2041 5078 scripturiS,
2095 5015 2261 5077 quae
2307 4996 2374 5059 in
2422 5003 2691 5079 utraque
2738 4997 3019 5062 editione
3058 4998 3380 5079 leguntur,
3433 4994 3768 5080 inspectis:

539 5114 604 5171 11
684 5109 1208 5193 ‘Nouomagum',
1302 5115 1418 5175 185
1490 5113 1781 5194 ‘ferunt',
1861 5118 1985 5179 210
2055 5116 2379 5198 ‘Veseui‘,
2455 5120 2578 5180 224
2644 5117 2979 5200 ‘rediget’,
3055 5120 3166 5180 261
3248 5116 3578 5198 ‘Cuique',
3655 5117 3779 5178 289

541 5229 1036 5312 ‘chalcedonio',
1105 5232 1229 5293 312
1286 5232 1561 5313 ‘quadro
1607 5234 1710 5298 cui
1755 5234 1865 5314 in’,
1932 5236 2054 5296 324
2113 5234 2365 5316 ‘Villa',
2421 5238 2544 5300 336
2600 5237 2976 5318 ‘nutantia',
3031 5239 3154 5298 345
3210 5237 3398 5315 ‘hic',
3465 5236 3773 5314 ‘afforet',

532 5351 655 5413 360
710 5350 1079 5430 ‘allabere',
1153 5355 1273 5414 407
1334 5353 1707 5434 ‘Britanos',
1777 5359 1895 5418 461
1958 5354 2296 5436 ‘Saxona’‚
2352 5360 2475 5419 465
2534 5358 2873 5439 ‘Tagum'.
2970 5356 3224 5422 videtur
3267 5364 3480 5423 autem
3527 5356 3617 5438 is,
3671 5355 3780 5439 qui

707 5648 781 5698 18}
831 5662 952 5694 usus
989 5662 1100 5695 sum
1138 5663 1194 5696 ea
1232 5650 1471 5700 editione,
1513 5666 1639 5712 quine
1679 5653 1857 5713 prodiit
1898 5654 2095 5699 Parisiis
2134 5669 2178 5700 a.
2222 5665 2422 5700 Mnxm.

707 5732 784 5793 19)
830 5736 941 5780 vide
976 5748 1104 5794 quae
1140 5735 1202 5782 de
1241 5735 1325 5781 hac
1363 5751 1413 5782 re
1454 5752 1499 5797 p.
1544 5738 1765 5785 XXXVI
1807 5741 1857 5786 in
1895 5753 2108 5785 excursu
2151 5740 2210 5785 de
2248 5740 2543 5798 apographis
2582 5740 2765 5784 codicis
2805 5741 3158 5798 Lugdunensis
3195 5743 3536 5803 exposuimus.
