4630 6435
846 426 927 488 32
2321 418 2626 477 Avsoun

1517 619 1587 677 ut
1744 633 1977 677 noxam
2086 610 2367 675 auferret
2506 610 2881 676 mortalibus
3019 618 3427 678 extenuatam
3442 665 3455 677 .

1347 732 1409 774 25
1517 735 1671 779 crux
1744 733 1992 798 poenae
2088 720 2439 778 extremum
2503 721 2907 798 properatast
3021 714 3443 798 inmaculato‚

1515 824 1584 883 ut
1743 816 1938 882 vitam
2086 816 2392 882 amissam
2498 810 2840 883 renovaret
3019 818 3458 885 mortificatus.

1515 921 1658 1004 quis
1746 920 1941 1003 digne
2088 921 2345 986 domino
2500 922 2845 1005 praeconia
3022 923 3417 989 continuabit
3434 977 3447 1006 ,

1513 1030 1605 1089 tot
1745 1043 1954 1088 rerum
2087 1023 2290 1088 titulis
2500 1024 2813 1090 obnoxius
3016 1024 3501 1092 immodicarum
3516 1034 3545 1090 ἰ)

1514 1148 1600 1191 an
1743 1133 1915 1192 terra
2087 1126 2367 1192 humano
2504 1128 2855 1211 locupletat
3016 1137 3488 1195 conmemoratu
3513 1183 3525 1210 ‚

1347 1250 1407 1289 30
1512 1250 1704 1314 quem
1746 1249 1973 1295 vocum
2091 1237 2351 1296 resonat
2502 1231 2867 1297 modulatus
3019 1233 3502 1314 angelicarum?

1514 1334 1677 1399 dans
1745 1335 1963 1399 aulam
2087 1334 2414 1419 Stephano
2502 1335 2851 1418 pretiosam
3016 1335 3411 1420 dilapidat0‚

1512 1436 1677 1502 dans
1743 1438 1962 1503 claves
2092 1456 2363 1521 superas
2510 1435 2901 1504 cathedralis
3023 1438 3415 1523 incohatori‚

1515 1541 1670 1623 quin
1747 1542 2018 1606 Paulum
2089 1537 2396 1606 infestum
2502 1542 2824 1626 copularis
3019 1542 3486 1626 adglomeratu.

1514 1644 1586 1709 fit
1745 1643 1966 1709 doctor
2092 1643 2313 1729 populi
2503 1644 2907 1729 lapidantum
3019 1647 3502 1712 constimulator
3521 1699 3535 1727 ‚

1347 1768 1408 1807 35
1514 1754 1586 1812 ut
1740 1747 1905 1813 latro
2087 1747 2418 1812 consessor
2501 1747 2875 1833 paradisum
3014 1749 3444 1836 participavit.

1515 1850 1641 1933 sic,
1744 1851 1966 1930 credo,
2087 1849 2440 1917 adnectens
2502 1850 2848 1917 durissima
3022 1853 3452 1919 clarificandis

1512 1973 1629 2019 nos
1746 1973 1921 2019 seros
2089 1953 2365 2019 famulos
2497 1956 2870 2020 adcrescere
3017 1956 3397 2041 perpetieris

1513 2057 1632 2123 sub
1750 2057 1867 2123 tali
2092 2056 2348 2123 edoctos
2501 2057 2787 2124 antistite
3018 2060 3399 2143 relligionis.

1513 2161 1598 2225 da
1744 2181 2003 2226 sensum
2090 2161 2299 2227 solida
2502 2162 2854 2227 stabilitum
3020 2163 3399 2229 credulitate
3418 2215 3433 2243 ,

1345 2284 1406 2324 40
1516 2264 1622 2329 fac
1743 2264 1977 2348 iungar
2088 2286 2351 2330 numero
2504 2265 2792 2331 redivivo
3023 2268 3450 2350 glorificatu8‚

1514 2368 1599 2433 ad
1746 2369 1995 2433 caelum
2093 2368 2376 2435 invitans
2500 2369 2820 2434 consortia
3019 2370 3485 2454 terrigenarum
3510 2423 3523 2453 ‚

1516 2492 1664 2556 spes
1746 2471 1907 2537 deus
1924 2523 1938 2549 ‚
2092 2479 2394 2538 aeternae
2506 2472 2799 2538 stationis
3029 2474 3419 2541 conciliator.

1714 3225 1863 3321 XI.
1940 3225 2523 3323 EPIOEDION
2587 3226 2716 3322 IN·
2766 3225 3231 3324 PATREM.

2160 3454 2225 3520 l.
2276 3457 2781 3522 PRAEFATIO.

1021 3646 1145 3710 Pos
1206 3645 1396 3711 deum
1459 3665 1715 3730 semper
1770 3653 2016 3729 patrem
2077 3645 2244 3712 colui
2304 3645 2780 3729 secundamque
2838 3645 3259 3712 reverentiam
3322 3645 3596 3730 genitori
3664 3667 3807 3712 meo
3878 3645 4096 3712 debui.
4122 3659 4493 3718 318(1‹2‹1511.113-

849 3747 1139 3831 sequitur
1182 3769 1335 3831 ergo
1382 3748 1553 3814 hanc
1599 3749 1830 3814 summi
1877 3749 1984 3814 dei
2036 3750 2513 3816 venerationem
2575 3750 2914 3834 epicedion
2973 3751 3173 3835 patris
3232 3749 3381 3815 mei.
3477 3749 3700 3815 titulus
3743 3771 3785 3815 a
3833 3750 4099 3815 Graecis
4139 3731 4214 3792 (VJ

846 3851 1248 3932 auctoribuS,
1318 3851 1761 3918 defunctorum
1807 3852 2030 3917 honori
2077 3852 2358 3933 dicatus,
2425 3873 2552 3919 non
2596 3853 3009 3936 ambitiosae,
3071 3852 3189 3919 sed
3232 3852 3602 3937 religiosus.
3696 3873 3886 3936 quem
3931 3873 4105 3918 com-

846 3953 1078 4019 mendo
1123 3954 1347 4019 lectori
1389 3975 1549 4036 meo,
1606 3955 1743 4021 sive
1788 3955 1844 4020 is
1889 3955 2061 4020 filins
2107 3962 2206 4021 est
2253 3975 2369 4021 seu
2415 3963 2600 4041 pater
2645 3956 2782 4021 sive
2828 3963 3188 4039 utrumqne.
3263 3977 3473 4041 neque
3519 3962 3591 4021 ut
3633 3955 3855 4021 laudet
3884 3956 4096 4039 exigo,

847 4063 947 4122 set
1001 4064 1071 4123 ut
1115 4064 1289 4123 amet
1342 4057 1632 4142 postulo:
1701 4079 1911 4140 neque
1968 4080 2120 4125 vero
2180 4080 2353 4125 nunc
2411 4066 2658 4145 patrem
2720 4080 2932 4125 meum
2992 4060 3216 4142 laud0‚
3284 4060 3454 4142 quod
3511 4060 3628 4126 ille
3673 4079 3800 4124 non
3847 4067 3998 4142 eget
4042 4066 4104 4125 et
4142 4085 4167 4122 5

847 4181 970 4244 ego
1017 4161 1300 4227 functum
1347 4161 1774 4228 oblectatione
1822 4162 2171 4228 viventium
2218 4183 2484 4229 onerare
2530 4184 2654 4228 non
2703 4160 2927 4229 debeo,
3023 4184 3234 4246 neque
3296 4163 3439 4229 dico
3500 4162 3625 4227 nisi
3683 4162 3856 4245 quod
3899 4182 4103 4246 agno-

848 4272 1053 4342 scunt,
1106 4265 1215 4348 qui
1259 4265 1426 4348 parti
1472 4264 1708 4331 aetatis
1757 4266 1895 4332 eius
1938 4266 2386 4332 interfuerunt.
2482 4267 2720 4332 falsum
2764 4287 2865 4332 me
2913 4273 3127 4332 autem
3173 4273 3374 4331 morte
3428 4265 3607 4348 [eins]
3663 4264 3838 4330 obita
3892 4265 4104 4330 dicere

848 4375 913 4433 et
957 4389 1177 4434 verum
1224 4375 1436 4434 tacere
1494 4368 1780 4435 eiusdem
1839 4369 2078 4454 piaculi
2137 4370 2455 4436 existimo.
2550 4370 2819 4453 imagini
2877 4371 3079 4455 ipsius
3142 4369 3210 4434 hi
3269 4388 3494 4435 versus
3556 4368 3898 4453 subscripti
3956 4369 4103 4433 sunt

843 4491 1052 4553 neque
1097 4470 1309 4536 minus
1353 4471 1421 4536 in
1467 4474 1914 4556 opusculorum
1962 4493 2245 4538 meorum
2293 4473 2523 4539 seriem
2570 4473 2781 4538 relati.
2875 4474 3008 4539 alia
3065 4472 3279 4538 omnia
3338 4492 3484 4539 mea
3528 4472 3873 4557 displicent
3918 4471 4093 4555 mihi,

847 4575 967 4640 hoc
1013 4574 1326 4659 relegisse
1371 4596 1539 4639 amo.
4143 4599 4198 4640 ιο

1017 4922 1081 4972 25
1120 4928 1379 4985 properata
1412 4922 1466 4983 V,
1509 4926 1769 4983 properata
1793 4926 1870 4969 est
1898 4922 2132 4971 Heinsius
2341 4921 2407 4972 26
2443 4923 2711 4971 asmissam
2746 4923 2788 4971 V
2810 4923 2861 4983 (d
2886 4921 3034 4983 eras.)

843 5012 1103 5071 praeconio
1140 5010 1461 5058 continuauit
1507 5009 1547 5055 V
1576 5022 1701 5057 corr.
1743 5009 1877 5057 ὅσοι.
2124 5007 2189 5056 29
2225 5009 2533 5070 loc*upletat
2580 5010 2620 5058 V
2654 5010 2687 5071 (l
2726 5010 2873 5069 eras.)

3250 4921 3314 4972 27
3354 4923 3454 4971 ‹ln—e
3487 4922 3539 4982 V,
3572 4923 3771 4970 domino
3797 4921 4035 4970 Heinsius

3112 5011 3430 5057 cfimemorati
3476 5009 3520 5057 V
3556 5009 3613 5071 (ri
3648 5005 3762 5069 m2),
3804 5020 4102 5056 commemo-

845 5102 955 5143 ratu
995 5095 1156 5155 Luyd.
1389 5094 1450 5144 31
1493 5099 1538 5142 et
1574 5094 1639 5143 32
1679 5094 1801 5142 das?
2032 5094 2092 5143 31
2135 5096 2331 5143 stefano
2380 5096 2420 5143 V
2647 5097 2865 5156 pretiose
2913 5096 2967 5156 V,
3007 5097 3277 5157 pretiosam
3312 5109 3400 5155 eqo
3625 5094 3690 5144 32
3730 5094 4001 5142 cathedrali
4047 5093 4100 5150 V,

845 5197 1141 5246 cathedralis
1167 5211 1254 5258 eqo
1463 5199 1701 5246 incoatori
1737 5199 1791 5259 V,
1832 5198 2107 5246 inchoaturi
2132 5198 2297 5257 Luyd.
2513 5197 2578 5245 33
2615 5198 2825 5258 fortasse
2852 5198 3116 5259 copulabas
3325 5166 3718 5259 adglomeraiuv,
3756 5197 4104 5257 adglomeratis

847 5282 1013 5343 Luyd.
1224 5283 1290 5331 35
1325 5283 1625 5346 paradysum
1661 5285 1701 5333 V
1725 5284 1775 5345 (y
1800 5297 1859 5330 ex
1882 5284 1900 5330 i
1925 5279 2017 5344 m2)
2233 5282 2297 5330 36
2335 5285 2659 5345 spurcissima
2686 5284 2919 5331 Heinsius
3130 5282 3195 5331 38
3233 5285 3355 5331 tali*
3391 5284 3433 5333 V
3613 5266 3846 5332 antistite
3884 5283 3925 5330 V
3950 5283 3987 5342 (i
4011 5278 4096 5339 ηιῖ)

846 5369 913 5418 40
949 5370 1268 5428 gloridicatus
1315 5370 1357 5419 V
1394 5371 1534 5432 (corr.
1574 5367 1664 5431 m2)
1879 5368 1939 5417 41
1983 5363 2337 5429 terriginarum
2384 5370 2427 5417 V
2462 5370 2507 5429 (e
2542 5366 2630 5429 m2)

1019 5473 1109 5523 xl.
1157 5469 1217 5524 1.
1289 5475 1476 5535 Incipit
1512 5473 1806 5535 ephicedion
1843 5474 1896 5520 in
1936 5477 2093 5534 patre.
2135 5474 2348 5534 prefatio
2383 5475 2442 5520 in
2476 5487 2621 5534 prosa
2665 5473 2728 5534 V,
2790 5473 3047 5521 Ausonius
3085 5474 3259 5521 lectori
3295 5487 3384 5521 suo
3421 5488 3463 5521 s.
3505 5473 3555 5523 d.
3595 5472 3716 5523 add.
3757 5472 3922 5533 lma.
3961 5473 4105 5532 volyo

850 5559 865 5606 1
913 5537 1026 5621 post
1071 5560 1112 5607 V
1138 5565 1176 5617 (t
1198 5557 1287 5616 ⁷122)
1505 5559 1534 5607 5
1573 5564 1650 5608 set
1695 5559 1737 5607 V
1762 5559 1808 5619 (d
1836 5556 1924 5620 m²j
2142 5558 2173 5606 6
2211 5560 2449 5607 honerare
2487 5560 2527 5606 V
2735 5559 2760 5604 7
2801 5559 2912 5605 eius
2949 5558 3103 5606 delevi
3139 5565 3195 5606 ut
3231 5564 3404 5606 temere
3440 5561 3695 5620 repetitum
3906 5537 4036 5606 obita
4069 5558 4109 5604 V

850 5648 918 5708 (ta
951 5642 1027 5692 m²
1063 5648 1115 5694 in
1150 5647 1254 5692 loco
1291 5645 1516 5706 evanido)
1733 5644 1762 5692 8
1802 5646 1888 5692 hi*
1935 5646 1976 5691 V
2015 5645 2049 5708 (i
2086 5648 2163 5692 vel
2200 5659 2224 5693 s
2262 5646 2413 5707 eras.)
2628 5645 2659 5692 9
2699 5659 2919 5693 meorum
2955 5660 3050 5694 om.
3081 5645 3156 5693 ed.
3194 5646 3318 5692 Tou.
3348 5645 3490 5704 volqo
3704 5643 3767 5693 10
3804 5645 3896 5692 hos
3935 5643 4099 5704 Luyd.

841 5734 984 5792 volyo
1193 5732 1305 5779 nale
1342 5731 1456 5780 add.
1502 5731 1664 5790 Luyd.
1705 5734 1848 5792 volyo
