4630 6435
790 457 807 513 1
829 456 911 516 32
2262 452 2566 509 AVSONII

1449 663 1610 726 quos
1653 651 1752 709 ter
1795 644 2128 727 quinorum
2176 652 2392 710 servat
2435 647 2684 710 cultura
2730 647 3028 711 virorum.

1448 754 1546 812 ter
1589 747 1759 812 bibe.
1854 746 1969 811 tris
2014 767 2319 812 numerus
2363 767 2558 831 super
2602 748 2844 830 omnia,
2895 749 3010 813 tris
3057 750 3218 815 deus
3266 770 3454 815 unus.

1451 850 1555 914 hic
1600 869 1856 931 quoque
1901 870 1982 915 ne
2030 850 2220 915 ludus
2267 872 2531 917 numero
2574 858 2968 917 transcurrat
3010 853 3229 935 inerti,

1283 975 1343 1014 90
1451 960 1548 1018 ter
1593 952 1807 1017 decies
1853 959 2066 1018 ternos
2113 954 2351 1019 habeat
2397 954 2740 1038 deciesque
2786 976 3090 1020 novenos.

1688 1513 2043 1611 XXVII.
2112 1513 3130 1614 TEGHNOPAEGNION.

1649 1742 1713 1811 l.
1759 1744 2182 1810 AVSONIVS
2227 1745 2564 1813 PACATO
2611 1747 3171 1813 PROCONSVLI.

956 1920 1101 1985 Scio
1168 1918 1325 1983 mihi
1389 1924 1548 2001 aput
1613 1916 1776 1981 alios
1834 1937 1949 2000 pro
2010 1915 2248 1981 laboris
2308 1917 2566 1982 modulo
2628 1917 2884 1983 laudem
2946 1938 3071 1983 non
3129 1941 3318 2004 posse
3387 1923 3754 2006 procedere.
3850 1944 4041 2006 quam
4079 1930 4177 1981 337

781 2032 998 2090 tamen
1058 2023 1115 2087 si
1172 2030 1240 2086 tu
1298 2020 1681 2102 indulseris,
1749 2026 1820 2085 ut
1876 2019 1968 2084 ait
2011 2019 2315 2085 Afranius
2376 2021 2441 2085 in
2486 2020 2739 2086 Thaide
2806 2022 3149 2087 ‘maiorem
3209 2024 3471 2090 laudem
3516 2047 3710 2109 quam
3755 2028 4042 2094 laborem
4079 2001 4271 2131 {5⁴¹9}st
4314 2000 4427 2060 ΧΠ)

783 2124 1138 2191 invenero'.
1234 2144 1399 2205 quae
1445 2124 1728 2187 lecturus
1774 2140 1866 2204 es,
1922 2122 2363 2205 monosyllaba
2409 2131 2576 2203 sunt,
2631 2124 2818 2205 quasi
2863 2125 3180 2207 quaedam
3227 2135 3465 2211 puncta
3511 2149 3907 2195 sermonum:
3975 2131 4044 2195 in

781 2229 1012 2313 quibus
1059 2228 1276 2293 nullus
1322 2226 1668 2292 facundiae
1713 2226 1893 2290 locus
1939 2231 2057 2306 est,
2114 2245 2418 2291 sensuum
2465 2227 2647 2291 nulla
2693 2227 3041 2312 conceptiO,
3097 2231 3479 2315 propositio,
3532 2233 3841 2313 redditio,
3895 2254 4044 2299 con-

781 2333 984 2399 clusio
1029 2332 1284 2414 aliaque
1331 2330 1711 2414 sophistica,
1777 2349 1941 2411 quae
1987 2328 2054 2393 in
2101 2350 2227 2394 uno
2274 2349 2466 2395 versu
2511 2349 2655 2396 esse
2699 2351 2825 2395 non
2872 2340 3170 2416 possunt,
3239 2342 3338 2399 set
3386 2335 3731 2401 cohaerent
3785 2337 3909 2416 ita,
3977 2344 4046 2402 ut
4086 2357 4111 2393 ⁵

782 2436 1005 2502 circuli
1051 2442 1419 2500 catenarum
1470 2433 1775 2517 separati.
1871 2440 1935 2497 et
1981 2434 2171 2498 simul
2217 2433 2532 2499 ludicrum
2582 2435 2960 2519 opusculum
3008 2437 3204 2519 texui,
3260 2438 3458 2503 ordiri
3503 2440 3861 2505 maiuscula
3893 2440 4048 2505 soli-

780 2549 914 2606 tus:
970 2539 1088 2604 sed
1129 2539 1199 2604 in
1242 2536 1418 2603 tenui
1466 2537 1666 2616 labor,
1719 2542 1787 2601 at
1831 2555 1958 2600 non
2004 2537 2214 2602 tenuis
2260 2538 2489 2620 gloria,
2543 2538 2598 2602 si
2643 2538 3012 2623 probantur.
3108 2547 3176 2605 tu
3223 2539 3443 2623 facies,
3501 2549 3568 2607 ut
3614 2542 3740 2607 sint
3771 2543 4042 2626 aliquid.

781 2665 931 2709 nam
991 2642 1129 2708 sine
1183 2647 1246 2706 te
1303 2639 1747 2724 monosyllaba
1804 2646 1992 2705 erunt
2046 2640 2150 2705 vel
2210 2640 2266 2705 si
2326 2640 2481 2722 quid
2534 2641 2768 2705 minus.
2864 2642 2931 2705 in
2993 2642 3228 2724 quibus
3290 2664 3444 2727 eg0‚
3516 2644 3685 2728 quod
3730 2645 3815 2710 ad
3862 2665 4047 2711 usum

783 2747 1092 2833 pertinet,
1161 2743 1320 2811 lusi:
1386 2742 1557 2824 quod
1602 2742 1687 2807 ad
1733 2743 2124 2825 molestiam,
2196 2743 2504 2808 laboravi.
2600 2743 2820 2808 libello
2866 2745 3394 2829 Technopaegnii
3439 2766 3670 2813 nomen
3717 2747 3898 2829 dedi,
3967 2769 4047 2812 ne

785 2859 899 2918 aut
943 2850 1163 2916 ludum
1212 2846 1529 2914 laboranti
1574 2853 1687 2911 aut
1730 2853 1931 2911 artem
1981 2847 2279 2912 crederes
2326 2845 2615 2912 defuisse
2662 2847 2933 2912 ludenti.
4089 2869 4144 2909 ιο

1878 3139 1943 3206 2.
2003 3139 2459 3226 <Avsomvs
2505 3140 2939 3228 PAVLINO>.

953 3317 1100 3382 Misi
1158 3317 1244 3381 ad
1306 3321 1370 3379 te
1416 3313 2037 3399 Technopaegnion,
2104 3313 2329 3378 inertis
2389 3313 2501 3378 otii
2559 3314 2683 3378 mei
2745 3315 2970 3380 inutile
3031 3317 3429 3399 opusculum.
3541 3316 3841 3382 versiculi
3902 3323 4051 3382 sunt
4085 3324 4184 3374 338

780 3419 1244 3505 monosyllabis
1291 3417 1500 3501 coepti
1545 3424 1610 3482 et
1654 3417 2116 3501 monosyllabis
2162 3417 2509 3482 terminati.
2604 3438 2723 3481 nec
2766 3418 2871 3484 hic
2919 3419 3104 3484 modo
3150 3419 3327 3484 stetit
3365 3439 3639 3503 scrupea
3669 3418 4037 3501 difficultas,
4091 3394 4168 3454 (ω)

783 3525 898 3592 sed
944 3522 1219 3589 accessit
1263 3521 1347 3586 ad
1394 3521 1718 3586 miseriam
1767 3520 2207 3600 concinnandi,
2262 3527 2336 3585 ut
2378 3519 2550 3585 idern
2598 3520 3109 3604 monosyllabon,
3165 3520 3336 3604 quod
3383 3529 3556 3587 esset
3603 3521 3747 3586 finis
3779 3522 4047 3587 extremi

777 3647 1023 3707 versuS,
1076 3626 1460 3710 principium
1505 3625 1688 3690 fieret
1715 3625 2132 3707 insequentis.
2228 3624 2334 3688 dic
2381 3644 2534 3707 ergo
2580 3643 2616 3689 o
2662 3643 2838 3689 mora
2884 3629 2949 3688 et
2991 3645 3028 3688 o
3072 3627 3312 3708 poena!
3369 3645 3501 3689 rem
3545 3646 3775 3690 vanam
3809 3625 4047 3710 quippe

777 3732 1031 3800 curavi:
1086 3729 1325 3811 exigua
1370 3735 1470 3794 est
1514 3736 1577 3794 et
1619 3727 1981 3793 fastiditur:
2033 3729 2350 3793 inconexa
2394 3734 2494 3792 est
2538 3733 2602 3792 et
2633 3727 3027 3810 implicatur:
3084 3748 3228 3792 cum
3276 3727 3361 3792 sit
3388 3727 3655 3810 aliquid,
3712 3730 3812 3793 vel
3847 3728 4033 3793 nihili
4076 3749 4101 3788 5

779 3830 1302 3920 deprehenditur.
1401 3831 1687 3898 laboravi
1746 3838 1993 3913 tamen,
2060 3838 2130 3896 ut
2184 3830 2455 3895 haberet
2512 3838 2623 3895 aut
2681 3830 3026 3895 historicon
3084 3830 3413 3914 quippiam
3461 3838 3573 3894 aut
3618 3830 4033 3897 dialecticon:

780 3959 929 4004 nam
977 3935 1293 4020 poeticam
1340 3934 1442 3998 vel
1491 3933 1905 4018 sophisticam
1953 3934 2283 3999 levitatem
2330 3934 2688 4000 necessitas
2722 3933 3188 3998 observationis
3221 3933 3516 3998 exclusit.
3612 3932 3697 3997 ad
3730 3952 4044 3998 summam

954 4217 1169 4265 XXVII.
1249 4210 1307 4266 1.
1360 4212 1390 4262 2
1429 4214 1603 4261 Afran.
1646 4211 1824 4261 Thaid.
1864 4213 1929 4260 fr.
1971 4210 2001 4259 2
2042 4213 2106 4273 (v.
2147 4210 2262 4272 334)
2308 4212 2366 4259 R.
2585 4210 2611 4257 7
2653 4211 2798 4270 Verg.
2842 4211 3020 4270 Georg.
3060 4212 3164 4258 1111
3202 4209 3233 4258 6

868 4463 871 4466 ’
956 4476 1021 4526 87
1060 4454 1268 4537 quoium
1312 4472 1352 4518 Τ
1556 4468 1656 4537 ter]
1692 4477 1769 4518 tar
1804 4470 1851 4516 P
2056 4486 2135 4519 vv.
2179 4467 2244 4518 88
2282 4473 2328 4516 ct
2364 4468 2430 4519 89
2469 4473 2523 4516 ἰη
2557 4484 2655 4528 my.
2691 4471 2788 4530 inf.
2831 4469 2869 4515 V
3072 4467 3136 4516 88
3175 4465 3293 4535 tris]
3330 4483 3409 4517 res
3445 4470 3495 4531 V,
3539 4475 3615 4518 ter
3653 4470 3698 4517 P
3903 4472 4049 4519 bibet

786 4563 828 4610 P
1033 4562 1126 4608 tris
1174 4557 1225 4617 V,
1268 4564 1372 4606 tres
1414 4557 1471 4616 P,
1516 4565 1591 4605 ter
1629 4573 1670 4605 ω
1708 4559 1852 4616 volyo
2062 4554 2127 4604 89
2164 4556 2353 4602 inheni
2400 4556 2440 4601 Τ
2646 4556 2711 4604 90
2750 4555 2980 4602 deciesve
3022 4553 3133 4600 Toll
3342 4569 3567 4605 nonanes
3603 4557 3650 4603 P

954 4646 1119 4694 XVII.
1199 4645 1263 4692 In
1317 4642 1359 4701 Ο
1395 4646 1564 4691 imunt
1601 4646 1767 4703 capita
1809 4647 1854 4704 1,
1896 4645 2051 4704 3—9,
2110 4645 2164 4690 in
2207 4641 2246 4688 C
2280 4645 2446 4702 capita
2496 4643 2572 4689 XI
2622 4642 2705 4688 hoc
2754 4640 2956 4689 ordine:
3023 4643 3052 4687 9
3107 4641 3202 4698 (vv.
3248 4645 3310 4690 19
3337 4642 3482 4704 sqq),
3548 4647 3627 4704 10,
3674 4648 3754 4702 11,
3797 4645 3880 4704 13,
3925 4646 3975 4705 3,
4016 4648 4047 4692 4

786 4732 1203 4796 (praefatiuncula
1239 4731 1457 4792 omissa),
1510 4734 1557 4788 5,
1600 4732 1649 4791 6,
1693 4731 1744 4790 7,
1784 4733 1833 4791 8,
1881 4733 1910 4778 9
1949 4727 2044 4790 (υυ.
2090 4728 2314 4790 1-18),
2373 4731 2426 4775 in
2466 4727 2508 4775 Ο
2543 4729 2594 4788 3,
2639 4731 2666 4774 4
2720 4727 3141 4788 (praefatiuncula
3176 4727 3393 4789 omissa),
3444 4731 3496 4788 5,
3549 4730 3603 4777 in
3641 4742 3684 4775 ω
3724 4731 3914 4792 2—11,
3957 4733 4042 4791 13,

781 4819 985 4881 denique
1025 4820 1078 4865 in
1122 4816 1163 4864 V
1195 4819 1364 4866 omnia
1396 4821 1591 4876 practer
1627 4820 1774 4876 caput
1810 4815 2040 4864 alterum.

953 4906 1206 4953 Praefatio
1242 4903 1592 4964 Tecbopegnii.
1671 4902 1927 4951 Ausonius
1966 4902 2141 4949 Pacato
2177 4901 2463 4962 proconsuli
2509 4901 2563 4960 V,
2621 4902 2874 4948 Ausonius
2911 4900 3087 4947 Pacato
3125 4901 3402 4961 proconsuli
3447 4899 3489 4957 Q
3528 4921 3592 4942 =
3632 4900 3739 4949 cod.
3789 4902 4049 4949 Vossianus

782 4993 837 5051 Q.
881 4992 1014 5051 33f.
1064 4988 1185 5040 112⁰
1220 5004 1346 5038 saec.
1387 4990 1435 5036 Χ
1642 4983 1700 5038 l.
1777 4987 1798 5035 1
1843 4988 1975 5049 apud
2016 4987 2058 5046 Q
2267 4987 2529 5050 precedere
2575 4987 2615 5032 V
2765 5013 2770 5017 ·
2819 4985 2849 5035 2
2901 4985 3121 5033 thaidem
3170 4986 3267 5045 VQ,
3313 4986 3507 5034 Thaide
3545 4986 3679 5036 Scal.
3893 4987 3924 5037 3
3961 4989 4046 5035 in·

782 5082 932 5129 uenio
970 5077 1051 5136 VO
1086 5091 1207 5126 corr.
1238 5077 1373 5125 Scal.
1588 5075 1907 5122 monosillaba
1941 5073 1982 5120 V
2188 5075 2216 5122 5
2256 5075 2416 5122 aliave
2453 5074 2630 5121 Har-tel
2839 5072 3122 5134 sophystica
3149 5071 3190 5129 Q
3400 5087 3497 5121 uno
3532 5072 3573 5119 V
3598 5072 3650 5134 (ιι
3676 5077 3729 5122 in
3754 5088 3850 5121 raa.
3880 5071 3967 5136 m2)

783 5173 861 5213 set
903 5164 947 5211 V
984 5165 1030 5226 (d
1068 5159 1182 5224 ⁷11²),
1223 5162 1312 5210 sed
1354 5164 1395 5222 Q
1604 5159 1916 5209 cohaerentia
1951 5167 2011 5208 ut
2051 5159 2092 5218 Q
2321 5159 2352 5208 6
2391 5155 2630 5225 separati]
2667 5159 2709 5207 si
2746 5162 2908 5223 paruit
2948 5157 2989 5215 Q
3053 5153 3058 5158 ’
3216 5159 3515 5206 munuscula
3552 5158 3594 5216 Q
3821 5158 3848 5206 '1
3891 5166 3969 5206 set
4013 5159 4053 5204 V

785 5251 835 5313 (d
870 5247 986 5312 m²)‚
1027 5250 1113 5298 sed
1154 5250 1196 5309 Q
1402 5249 1589 5295 laborat
1625 5247 1795 5296 tenuis
1832 5260 1931 5294 non
1971 5245 2013 5303 Q
2223 5244 2252 5293 8
2292 5245 2632 5294 monosilbaba
2667 5245 2706 5292 V
2912 5246 2943 5293 9
2979 5231 3295 5305 tecbopessnii
3340 5244 3380 5289 V
3413 5243 3464 5305 (g
3493 5242 3612 5306 m2),
3654 5245 3965 5306 tethopegnii
4006 5245 4047 5302 Q

788 5338 848 5386 10
885 5351 988 5384 rem
1037 5337 1075 5383 V
1116 5336 1288 5399 (artem
1323 5330 1414 5396 m2)
1630 5334 1740 5381 uale
1776 5332 1892 5380 add.
1938 5331 1980 5390 0
2016 5333 2155 5391 volqo

954 5419 1015 5474 2.
1087 5424 1162 5470 De
1201 5422 1555 5480 monosyllabis
1591 5433 1715 5482 opus
1760 5419 1863 5481 TE,
1903 5420 1980 5467 De
2016 5420 2368 5478 monosyllabis
2405 5416 2600 5479 mum-2,
2653 5419 2850 5466 nullum
2888 5421 3070 5466 lemma
3109 5415 3181 5477 M,
3227 5417 3436 5464 Paulino
3474 5430 3564 5464 suo
3600 5415 3719 5465 add.
3774 5416 3887 5477 Uy„
3940 5419 4046 5466 Au-

784 5512 954 5559 sonius
991 5509 1200 5556 Paulino
1237 5521 1326 5555 suo
1365 5506 1528 5567 Laod.
1781 5505 1802 5553 1
1847 5506 2029 5553 techno
2065 5519 2309 5567 paegmon
2350 5505 2410 5568 T,
2453 5505 2851 5566 cechnopaogion
2892 5504 2947 5550 M
3152 5503 3182 5551 2
3222 5505 3339 5551 steti
3379 5502 3521 5551 modo
3562 5502 3604 5549 T
3814 5504 3844 5553 3
3881 5505 4046 5551 conci-

786 5598 923 5646 tandi
961 5612 1020 5656 ω,
1066 5594 1314 5654 cogitandi
1359 5590 1503 5642 Van!
1536 5595 1696 5653 υοὶυο,
1737 5592 2069 5641 concinnandi
2105 5605 2191 5652 ⁶9⁰
2424 5592 2814 5650 monosyllabum
2851 5591 2968 5638 Par.
3010 5591 3153 5650 volyo
3385 5589 3417 5637 4
3466 5594 3519 5636 et
3554 5602 3582 5637 o
3617 5603 3771 5648 mora,
3824 5602 3852 5637 o
3887 5603 4047 5652 poena

784 5683 946 5744 Luqd.
988 5683 1132 5741 volqo
1342 5694 1516 5742 poema
1557 5679 1599 5725 Τ
1832 5678 1862 5725 5
1897 5679 2181 5727 inconnexa
2217 5692 2259 5726 ω
2487 5682 2567 5726 est
2607 5678 2662 5739 Τ,
2702 5692 2797 5726 om.
2843 5675 2934 5741 Μχ
2968 5678 3111 5735 volyo
3323 5677 3471 5724 nihili
3508 5676 3592 5724 uel
3631 5691 3693 5738 ω,
3748 5677 3827 5725 vel
3863 5690 3961 5724 om.
4002 5678 4038 5738 l,

785 5771 862 5818 vel
901 5770 1049 5818 nihili
1087 5766 1218 5815 Scal.
1431 5766 1462 5814 6
1499 5766 1764 5813 dialeticon
1811 5766 1963 5826 (dyal-
2002 5764 2073 5826 M)
2124 5763 2235 5825 ΤΜ,
2277 5764 2558 5812 didacticon
2607 5764 2717 5812 Vin.
