4630 6435
801 451 885 510 42
2278 434 2584 490 AVSONII

1339 651 1364 688 5
1485 628 1700 692 omnia
1744 647 1910 709 quae
1956 625 2160 691 voluit
2200 624 2310 708 qui
2356 643 2663 708 prospera
2707 620 2896 701 vidit,
2952 620 3196 703 eidem,

1650 730 1896 815 optavit
1938 726 2281 811 quidquid,
2339 725 2605 808 contigit
2649 732 2718 790 ut
2759 724 2991 789 voluit:

1475 854 1600 899 non
1645 834 1798 914 quia
1842 832 2115 897 fatorum
2162 830 2363 895 nimia
2406 828 2847 912 indulgentia,
2901 827 3020 892 sed
3066 826 3235 908 quod

1646 943 1776 1000 tam
1822 935 2156 1000 moderata
2198 933 2298 998 illi
2343 940 2492 997 vota
2537 931 2715 997 fuere
2762 932 2919 996 viro.

1473 1060 1661 1122 quem
1710 1058 1830 1104 sua
1874 1036 2199 1103 contendit
2244 1042 2494 1121 septem
2539 1034 2936 1118 sapientibus
2983 1040 3200 1114 aetas,

1312 1166 1365 1204 lo
1644 1162 1911 1225 quorum
1959 1139 2309 1206 doctrinam
2359 1139 2641 1204 moribus
2691 1137 3006 1215 excoluit,

1474 1246 1720 1310 viveret
1764 1251 1833 1309 ut
1878 1243 2089 1327 potius
2137 1263 2329 1325 quam
2378 1242 2619 1307 diceret
2662 1248 2798 1306 arte
2846 1241 3224 1326 sophorum,

1648 1367 2036 1431 quamquam
2081 1353 2146 1411 et
2190 1344 2466 1410 facundo
2512 1366 2636 1410 non
2682 1344 2860 1409 rudis
2907 1344 3193 1427 ingenio.

1478 1453 1807 1537 praeditus
1855 1458 1920 1516 et
1964 1450 2130 1515 vitas
2177 1450 2502 1514 hominum
2548 1447 2793 1514 ratione
2842 1447 3143 1513 medendi

1653 1554 1979 1639 porrigere
2026 1561 2090 1618 et
2134 1553 2287 1617 fatis
2334 1551 2731 1635 amplificare
2780 1571 3011 1616 moras.

1317 1680 1374 1720 15
1480 1658 1630 1723 inde
1679 1665 1742 1722 et
1786 1658 2119 1742 perfuncto
2166 1662 2387 1721 manet
2430 1655 2596 1719 haec
2639 1654 3000 1720 reverentia
3045 1653 3249 1733 vitae,

1656 1767 1841 1827 aetas
1884 1768 2103 1825 nostra
2148 1758 2244 1824 illi
2290 1758 2465 1841 quod
2510 1757 2688 1823 dedit
2734 1758 2901 1822 hunc
2945 1758 3238 1822 titulum:

1486 1874 1554 1931 ut
1599 1866 1845 1931 nullum
1891 1863 2248 1941 AusoniuS,
2305 1883 2497 1945 quem
2544 1869 2930 1943 sectaretur,
2984 1861 3297 1939 habebat,

1659 1968 1750 2032 sic
1795 1967 2071 2047 nullum,
2126 1966 2235 2049 qui
2281 1985 2352 2031 se
2399 1986 2568 2031 nunc
2612 1964 2928 2044 imitetur,
2981 1964 3195 2029 habet.

1832 2241 1900 2307 4.
1950 2242 2309 2307 AEMILIA
2358 2241 2685 2307 AEONIA
2730 2240 3047 2304 MATER.

1487 2399 1784 2463 Proxima
1827 2404 1930 2479 tu,
1984 2396 2276 2480 genetrix
2325 2395 2607 2477 Aeonia,
2662 2396 2973 2480 sanguine
3017 2395 3216 2459 mixto
3861 2419 3948 2468 161
3996 2421 4074 2481 (ll)

1661 2502 2004 2566 Tarbellae
2052 2501 2272 2564 matris
2321 2498 2519 2584 patris
2568 2506 2632 2565 et
2674 2499 3015 2566 Haeduici.

1490 2605 1844 2688 morigerae
1891 2603 2109 2668 uxoris
2156 2603 2358 2667 virtus
2405 2604 2507 2668 cui
2552 2603 2819 2686 contigit
2862 2603 3100 2667 omnis.

1663 2708 1838 2772 fama
1882 2706 2235 2791 pudicitiae
2284 2706 2703 2790 lanificaeque
2751 2727 2979 2771 manus

1494 2811 1899 2894 coniugiique
1945 2810 2106 2874 fides
2152 2817 2218 2874 et
2260 2817 2446 2873 natos
2492 2830 2644 2874 cura
2689 2810 2954 2892 regendi

1666 2922 1732 2979 et
1774 2914 2060 2998 gravitas
2108 2913 2307 2978 comis
2356 2913 2656 2995 laetaque
2705 2913 2996 2977 serietas,

1493 3025 1819 3084 aeternum
1866 3017 2159 3103 placidos
2205 3036 2430 3081 manes
2476 3017 2792 3099 conplexa
2838 3015 3077 3095 mariti,

1666 3122 1816 3185 viva
1858 3129 2062 3186 torum
2112 3119 2242 3203 <ut>
2290 3119 2652 3203 quondam,
2707 3119 2927 3184 functa
2972 3119 3117 3184 fove
3162 3120 3499 3184 tumulum.

1464 3401 1529 3465 5.
1582 3397 1990 3463 AEMILIVS
2035 3396 2389 3461 MAGNVS
2437 3395 2857 3461 ARBORIVS
2903 3395 3434 3461 AVVNCVLVS.

1495 3555 1687 3619 Culta
1731 3552 1888 3617 mihi
1935 3559 2034 3617 est
2077 3551 2284 3636 pietas
2329 3558 2512 3635 patre
2559 3551 2830 3636 primum
2878 3556 2944 3616 et
2988 3557 3188 3615 matre
3234 3550 3513 3616 vocatis:
3825 3574 3919 3623 162
3964 3576 4073 3637 (ιη)

1667 3648 1900 3724 diceris
1957 3656 2043 3739 (id
2087 3677 2155 3722 re
2200 3656 2288 3737 fit)
2346 3655 2571 3722 tertius
2618 3655 2946 3719 Arborius.

1495 3784 1683 3845 quem
1731 3761 2002 3845 primum
2051 3780 2402 3825 memorare
2448 3760 2636 3825 nefas
2682 3758 2836 3824 mihi
2882 3764 3063 3842 patre
3111 3758 3431 3838 secundo,

1669 3884 1918 3929 rursum
1965 3883 2090 3928 non
2135 3863 2412 3946 primum
2459 3882 2696 3946 ponere
2741 3881 2949 3945 paene
2995 3861 3203 3926 nefas.

1365 3989 1390 4024 5
1496 3967 1838 4052 temperies
1884 3965 2257 4031 adhibenda
2309 4015 3116 4029 ............

1669 4078 1815 4136 ante
1862 4070 2060 4148 alios,
2117 4089 2506 4151 quamquam
2553 4075 2733 4152 patre
2782 4067 3103 4133 sccundus
3151 4066 3289 4132 erit.

1497 4183 1566 4240 tu
1613 4175 1809 4239 frater
1853 4173 2196 4256 genetricis
2244 4180 2308 4238 et
2352 4172 2675 4236 unanimis
2721 4171 2994 4255 genitori

1671 4284 1735 4342 et
1777 4277 1966 4356 mihi,
2022 4275 2175 4359 quoi
2221 4275 2421 4341 fueris
2466 4275 2635 4358 quod
2681 4282 2867 4360 pater
2911 4281 2974 4339 et
3018 4274 3333 4357 genetrix

1499 4379 1608 4464 qui
1654 4400 1754 4444 me
1800 4379 2144 4444 lactantem
2193 4398 2457 4463 puerum
2504 4378 2935 4460 iuvenemque
2980 4378 3312 4458 virumque

1335 4504 1391 4543 ιο
1672 4482 1915 4547 artibus
1963 4481 2235 4560 ornasti,
2292 4501 2454 4564 quas
2500 4480 2808 4547 didicisse
2855 4481 3049 4547 iuvat.

1001 4725 1063 4779 4·
1136 4729 1164 4776 4
1206 4728 1391 4776 Tibull.
1437 4729 1482 4774 11
1528 4727 1572 4788 l,
1620 4727 1682 4776 10
1720 4728 1964 4775 lanificam
2008 4765 2019 4776 .
2055 4763 2066 4773 .
2102 4763 2112 4774 .
2155 4740 2356 4774 mmmm

1003 4812 1063 4866 5·
1141 4815 1201 4864 10
1238 4815 1384 4864 Ovld.
1427 4816 1490 4863 A.
1531 4818 1594 4864 A.
1637 4816 1660 4862 1
1699 4813 1799 4863 428
1837 4816 2082 4875 ingenuas
2119 4815 2359 4863 didicisse
2397 4816 2535 4862 iuvet
2576 4850 2588 4862 .
2620 4850 2631 4861 .
2665 4850 2677 4861 .
2719 4819 2854 4861 artes

1005 5042 1035 5090 5
1072 5043 1357 5103 properauit
1404 5042 1441 5086 V
1474 5042 1619 5102 (corr.
1657 5037 1749 5102 m2)
2000 5046 2050 5088 et
2086 5039 2218 5087 idem
2266 5041 2323 5100 V,
2363 5039 2525 5087 eidem
2572 5038 2680 5087 Tou
2962 5038 2992 5088 6
3031 5041 3225 5088 obtauit
3270 5042 3312 5087 V
3550 5014 3797 5103 quidquid
3843 5043 3885 5090 V
3920 5042 3963 5102 (c
3997 5039 4086 5103 m2)

842 5127 900 5176 13
936 5129 1173 5189 providus
1217 5128 1432 5187 Gronov,
1474 5130 1572 5175 πέει·
1607 5127 1736 5187 sorte
1767 5131 1880 5186 post
1915 5141 1963 5172 v.
2011 5126 2074 5172 12
2111 5125 2413 5172 mercidis&
2451 5125 2692 5186 quaedam
2729 5127 3050 5174 statuendum
3087 5132 3156 5173 est
3382 5128 3441 5176 15
3481 5116 3771 5188 perfunctae
3816 5128 3857 5173 V
3892 5128 3937 5186 (c
3972 5125 4083 5188 m2),

834 5215 1093 5275 perfuncto
1131 5214 1356 5262 liv-andes
1566 5213 1776 5273 fortasse
1812 5214 1914 5258 vita

1005 5296 1066 5351 4.
1139 5299 1169 5348 2
1208 5301 1403 5348 aeducii
1444 5302 1500 5362 V,
1539 5301 1753 5348 Aeduici
1792 5298 1922 5347 scal.
1963 5299 2127 5357 volyo,
2174 5298 2417 5345 Haeduici
2456 5298 2683 5345 ΡὶεΙιοεω
2893 5298 2923 5348 8
2962 5305 3122 5346 torum
3170 5303 3211 5358 (o
3246 5314 3304 5346 ex
3341 5315 3369 5346 a
3404 5296 3498 5360 m‘2)
3538 5301 3741 5347 condam
3792 5301 3831 5347 V
4036 5305 4097 5345 ut

834 5386 950 5436 add.
997 5387 1211 5435 Merum

1004 5485 1066 5540 5.
1142 5491 1164 5539 1
1207 5495 1312 5538 tum
1356 5491 1410 5550 V,
1451 5497 1503 5538 et
1539 5489 1703 5551 Luyd.
1921 5487 1951 5536 2
1990 5487 2155 5535 dicere
2193 5450 2272 5535 se‘t¹
2313 5488 2363 5547 (d
2398 5485 2490 5548 m2)
2531 5502 2611 5535 res
2648 5489 2705 5534 fit
2739 5487 2789 5545 V,
2831 5487 3011 5534 diceris
3049 5489 3179 5536 serie
3218 5488 3401 5548 Luyd„
3447 5488 3629 5535 diceris
3674 5490 3737 5548 (id
3777 5503 3831 5537 re
3869 5489 3944 5549 nt)
3983 5501 4089 5547 ⁶90,

831 5577 995 5625 dicere
1033 5577 1119 5625 sed
1157 5589 1236 5624 res
1275 5578 1371 5624 fert
1407 5578 1581 5624 Hartel
1814 5576 1843 5622 5
1879 5575 2127 5623 adibenda
2174 5574 2216 5619 V
2252 5573 2445 5634 (deinde
2482 5575 2686 5633 lacuna)
2900 5575 3054 5633 igitur
3093 5576 3424 5622 memorabere
3463 5576 3657 5637 primus
3694 5576 3939 5635 supplevit
3981 5575 4093 5621 Tou

833 5662 864 5708 6
901 5679 929 5710 ει
964 5667 1102 5723 patre
1142 5663 1313 5709 Dema
1537 5664 1639 5710 eris
1680 5663 1792 5709 Toll
2021 5658 2047 5706 7
2090 5662 2330 5718 genitoris
2382 5661 2434 5721 V,
2474 5661 2685 5716 genitori
2728 5660 2921 5706 Gronov
3151 5661 3180 5706 8
3219 5662 3303 5721 qui
3355 5662 3407 5718 V,
3450 5662 3565 5721 quoi
3604 5674 3692 5720 eqo
3925 5664 4095 5708 sueres

835 5749 1076 5797 Baehrens
1285 5749 1316 5796 9
1354 5748 1620 5795 lactentem
1660 5748 1823 5808 Luyd.
1865 5749 2006 5807 volyo
