4630 6435
1806 473 2271 529 EGLOGARVM
2308 476 2535 529 LIBER
2571 476 2674 539 (V).
3805 481 3869 539 11

1298 663 1470 727 Maia
1518 662 1644 728 dea
1686 684 1770 728 an
1816 663 2048 743 maior,
2103 665 2266 743 Mai,
2321 672 2386 730 te
2433 665 2654 731 fecerit
2698 671 2912 748 aeta8‚

1127 788 1181 827 ιο
1463 767 1754 849 ambigo:
1813 768 1929 833 sed
1974 768 2181 833 mensi
2226 776 2326 835 est
2369 775 2592 834 auctor
2638 776 2902 852 uterque
2947 769 3178 834 bonus.

1290 870 1512 936 Iunius
1560 871 1730 936 hunc
1775 870 2065 954 sequitur
2111 871 2353 957 duplici
2400 872 2822 938 celebrandus
2869 874 3141 956 honore,

1463 994 1578 1039 seu
1621 995 1854 1040 nomen
1899 975 2061 1040 Iuno
2108 975 2246 1040 sive
2290 977 2563 1042 Iuventa
2609 976 2812 1042 dedit.

1287 1077 1438 1142 inde
1484 1077 1775 1144 Dionaeo
1820 1077 2240 1163 praefulgens
2284 1079 2491 1145 Iulius
2536 1087 2707 1146 astro

1459 1181 1727 1247 aestatis
1773 1180 2024 1247 mediae
2070 1188 2362 1267 tempora
2407 1189 2581 1247 certa
2622 1189 2821 1249 tenet.

1122 1303 1181 1343 ιτ,
1287 1284 1618 1368 Augustus
1664 1286 1951 1367 sequitur
1994 1291 2334 1368 cognatum
2380 1307 2422 1351 a
2467 1287 2744 1352 Caesare
2790 1306 3050 1365 nomen,

1461 1386 1682 1453 ordine
1729 1389 1822 1453 sic
1865 1388 2020 1454 anni
2065 1389 2429 1471 proximu8‚
2483 1394 2552 1454 ut
2595 1391 2875 1474 generis.

1287 1498 1626 1556 nectuntur
1670 1498 1814 1576 post
1856 1492 1973 1557 hos
2018 1513 2481 1576 numerumque
2526 1512 2605 1557 ex
2652 1493 2873 1559 ordine
2917 1494 3207 1577 signant:

1460 1595 1871 1679 September,
1926 1596 2162 1660 Bacchi
2209 1616 2472 1661 munere
2519 1597 2743 1682 praela
2788 1597 3041 1680 rigans⁷

1288 1703 1353 1763 et
1396 1698 1506 1780 qui
1551 1698 1857 1764 sementis
1902 1719 2017 1782 per
2062 1705 2350 1783 tempora
2394 1698 2656 1765 faenore
2701 1700 2911 1765 laetus

1119 1819 1180 1861 20
1461 1802 1735 1867 October
1779 1801 1999 1886 cupidi
2046 1822 2228 1886 spem
2275 1801 2451 1868 fovet
2493 1803 2851 1886 agricolae,

1288 1905 1523 1988 quique
1571 1908 1710 1970 salo
1756 1926 2054 1989 mergens
2102 1906 2441 1972 sollemnia
2486 1906 2677 1989 signa
2720 1907 3086 1973 November

1458 2009 1873 2094 praecipitat,
1928 2010 2108 2074 caelo
2154 2030 2301 2074 mox
2348 2009 2633 2075 reditura
2677 2030 2814 2075 suo.

1287 2100 1676 2178 concludens
1719 2133 2055 2177 numerum
2099 2113 2388 2196 genialia
2433 2112 2600 2178 festa
2644 2113 3003 2178 December

1459 2213 1631 2296 finit,
1686 2221 1758 2281 ut
1800 2236 1841 2280 a
1886 2216 2113 2280 bruma
2160 2235 2305 2279 mox
2352 2235 2555 2280 novus
2600 2235 2806 2281 annus
2853 2224 2982 2282 eat.

1446 2593 1516 2663 4.
1562 2593 1680 2658 DE
1725 2594 2034 2659 TRIBVS
2078 2594 2568 2661 MENSTRVIS
2613 2594 3052 2660 MENSVVM.

1288 2783 1401 2847 Bis
1448 2802 1638 2848 senas
1684 2804 1849 2848 anno
1897 2791 2154 2869 reparat
2199 2784 2446 2849 Lucina
2491 2784 2838 2865 kalendaS‚
3773 2806 3872 2854 379

1288 2894 1353 2952 et
1394 2886 1661 2952 totidem
1706 2886 1957 2952 medias
2003 2885 2116 2952 dat
2161 2907 2411 2953 currere
2456 2888 2744 2973 Iuppiter
2785 2887 2964 2969 idus,
3776 2892 3867 2951 (V)

1287 3010 1723 3073 nonarumque
1768 2989 1940 3055 diem
1988 2990 2231 3055 faciunt
2277 2990 2447 3055 infra
2490 2998 2630 3056 octo
2676 2991 2964 3056 secundi.

1289 3094 1450 3159 haec
1493 3101 1642 3159 sunt
1684 3094 1971 3159 Romano
2016 3100 2262 3160 tantum
2308 3094 2432 3160 tria
2477 3095 2735 3160 nomina
2779 3094 3019 3175 mensi,

1157 3221 1183 3258 5
1290 3203 1507 3264 cetera
1550 3217 1665 3282 per
1707 3217 2005 3264 numeros
2051 3206 2201 3265 sunt
2244 3205 2670 3281 cognomenta
2713 3197 2982 3265 dierum.

1203 3577 1268 3643 5.
1322 3577 1704 3656 QVOTENI
1747 3576 1944 3642 DIES
1990 3577 2191 3643 SINT
2233 3577 2652 3643 MENSVVM
2698 3578 3275 3644 SINGVLORVM.

1287 3767 1545 3849 Inplent
1590 3766 1867 3832 tricenas
1913 3786 2028 3850 per
2072 3765 2333 3849 singula
2377 3773 2703 3832 menstrua
2749 3767 2926 3832 luces
3770 3786 3871 3834 378

1236 3954 1251 3962 .
1286 3871 1508 3935 Iunius
1552 3870 1920 3954 Aprilisque
1968 3876 2032 3935 et
2076 3889 2219 3935 cum
2265 3869 2642 3954 Septembre
2687 3871 3072 3937 November.
3774 3875 3866 3935 (V)

1286 3995 1477 4039 unum
1526 3981 1625 4039 ter
1669 3973 1854 4039 denis
1900 3974 2287 4039 cumulatius
2333 3974 2503 4039 adde
2548 3974 2777 4040 diebus

1286 4096 1402 4161 per
1446 4083 1690 4160 septem
1737 4095 2026 4156 menses,
2082 4077 2224 4141 Iani
2271 4077 2626 4159 Martisque
2672 4076 2973 4142 kalendis

1155 4201 1181 4238 5
1287 4185 1352 4244 et
1394 4198 1557 4262 quas
1601 4178 1812 4243 Maius
1856 4179 2024 4262 agit,
2079 4198 2242 4261 quas
2286 4180 2490 4245 Iulius
2535 4181 2992 4263 Augustusque

1288 4289 1353 4348 et
1395 4301 1555 4365 quas
1603 4282 1877 4347 October
1920 4282 2296 4366 positusque
2341 4283 2410 4347 in
2454 4283 2579 4347 fine
2623 4282 3003 4348 December.

1291 4404 1456 4451 unus
1502 4385 1624 4451 erit
1665 4391 1912 4450 tantum
1958 4385 2439 4469 duodetriginta
2483 4386 2763 4466 dierum⁷

1286 4509 1480 4572 quem
1525 4489 1739 4554 Numa
1782 4489 2149 4574 praeposito
2193 4489 2397 4555 voluit
2440 4489 2786 4555 succedere
2830 4491 3008 4555 Iano.

1289 4592 1381 4657 sic
1426 4599 1524 4657 ter
1567 4592 1853 4657 centenis
1899 4591 2116 4658 decies
2161 4591 2470 4658 accedere
2518 4611 2707 4657 senos

1123 4715 1180 4755 ιο
1288 4696 1841 4777 quadrantemque
1886 4700 1951 4760 et
1995 4693 2275 4778 quinque
2323 4694 2466 4760 dies
2512 4695 2637 4760 sibi
2683 4701 2986 4780 conputat
3029 4716 3259 4761 annus.

795 5018 854 5073 3.
930 5023 992 5072 13
1030 5023 1181 5084 Verg.
1222 5024 1330 5073 Eel.
1373 5024 1520 5071 v1111
1557 5024 1621 5073 47
1661 5038 1778 5073 ecee
1815 5026 2029 5073 Dionaei
2065 5026 2309 5088 processit
2345 5025 2570 5073 Caesaris
2607 5031 2797 5074 astrum
3005 5023 3071 5075 20
3107 5027 3257 5086 Verg.
3302 5024 3475 5084 Georg.
3519 5026 3540 5071 1
3578 5023 3640 5072 47
3667 5037 3740 5085 sq.

790 5351 822 5400 9
857 5334 990 5400 maii
1032 5353 1086 5411 V,
1127 5352 1229 5399 Ma'i
1264 5352 1451 5413 Luyd.‚
1492 5352 1687 5400 Maium
1724 5352 1964 5400 Heinsius
2240 5352 2295 5402 11
2339 5353 2562 5415 dupplici
2609 5354 2648 5399 V
2929 5353 2986 5401 12
3026 5352 3134 5400 sibe
3172 5351 3397 5399 iumenta
3441 5350 3483 5396 V
3518 5351 3743 5413 (iubenta
3777 5347 3868 5410 m2)

627 5436 686 5485 18
723 5439 853 5486 bacci
898 5438 940 5484 V
1148 5437 1208 5487 19
1246 5438 1415 5485 fenore
1460 5438 1502 5483 V
1704 5437 1769 5487 20
1805 5439 2008 5486 octuber
2052 5439 2093 5484 V
2296 5437 2360 5486 24
2400 5428 2563 5487 annu⁸
2608 5440 2649 5485 V
2686 5438 2726 5499 (s
2761 5436 2848 5498 mff)

788 5519 849 5573 4.
922 5537 1187 5571 mensuum
1234 5524 1276 5569 V
1313 5525 1364 5583 (u
1397 5539 1475 5584 pr.
1518 5527 1571 5571 in
1605 5523 1753 5585 raa),
1795 5527 2042 5572 mensium
2079 5524 2243 5584 Luyd.
2284 5526 2427 5584 volyo
2727 5525 2757 5571 3
2795 5520 2949 5588 infra]
2983 5525 3118 5571 intra
3158 5520 3427 5569 Mommsen
3718 5521 3751 5569 4
3791 5535 3870 5569 ro·

621 5622 762 5656 mana
810 5609 850 5653 V
890 5610 1029 5681 (coyr.
1069 5605 1158 5672 νηῒ)
1376 5610 1406 5659 5
1445 5599 1675 5658 numero⁸
1718 5610 1760 5656 V
1793 5610 1836 5671 (s
1872 5607 1963 5670 m2)

792 5691 852 5745 ὅ.
923 5684 1136 5743 d¹e⁸sint
1179 5696 1221 5742 V
1258 5697 1291 5758 (i
1327 5701 1372 5744 et
1406 5711 1430 5744 s
1464 5694 1555 5757 m2)
1769 5699 2017 5745 mensium
2056 5696 2218 5756 Luyd.
2248 5698 2394 5757 volqo
2603 5697 2634 5746 3
2671 5696 2885 5745 terrenis
2915 5694 2958 5740 V
2995 5693 3136 5752 (corr.
3167 5691 3257 5755 m2)
3475 5693 3505 5740 5
3544 5695 3646 5756 agit
3679 5683 3797 5754 qva⁸
3833 5692 3872 5738 V

627 5783 668 5842 (s
700 5777 791 5842 ⁷11²)
1001 5780 1034 5829 ὃ
1071 5785 1275 5831 octuber
1316 5783 1359 5829 V
1567 5781 1627 5831 10
1663 5773 2104 5846 quadritemql'em
2146 5783 2187 5829 V
2226 5784 2364 5846 (corr.
2407 5780 2496 5844 πιῖ)
