4630 6435
827 405 945 467 128
1747 431 1758 438 ·
2325 402 2632 458 AVSONII

819 592 1114 657 materia.
1207 592 1275 657 in
1320 591 1765 676 expeditione,
1821 592 1993 674 quod
2037 599 2327 676 tempuS‚
2382 598 2451 657 ut
2496 591 2644 674 scis,
2698 591 2995 657 licentiae
3040 591 3336 658 militaris
3382 600 3498 673 est,
3553 612 3750 679 super
3793 613 4079 659 mensam

820 716 1028 761 meam
1076 694 1250 761 facta
1296 702 1395 761 est
1441 696 1765 777 invitati0,
1828 716 1955 761 non
1999 696 2116 760 illa
2161 696 2243 760 de
2290 695 2513 761 Rubrii
2559 694 2886 775 convivi0,
2943 702 3014 760 ut
3059 695 3305 761 Graeco
3355 715 3527 761 more
3574 697 3931 777 biberetur,
3988 704 4087 763 set

817 798 936 863 illa
981 798 1061 863 de
1107 799 1325 865 Flacci
1371 800 1642 884 egloga,
1708 800 1775 864 in
1836 820 1964 882 qua
2024 806 2281 884 propter
2340 798 2621 864 mediam
2680 806 2930 864 noctem
2992 805 3056 864 et
3113 819 3346 865 novam
3405 799 3623 864 lunam
3669 808 3733 866 et
3779 800 4083 867 Murenae

820 911 1204 985 auguratum
1250 911 1464 969 ternos
1510 912 1608 969 ter
1653 904 1922 987 cyathos
1967 904 2274 969 attonitus
2321 904 2483 988 petit
2540 909 2743 968 vates.
2840 903 3010 969 hunc
3070 904 3279 969 locum
3342 904 3421 969 de
3480 905 3759 970 ternario
3817 926 4083 971 numero
4126 924 4184 965 ¹5

820 1004 968 1070 ilico
1013 1014 1231 1072 nostra
1275 1008 1391 1072 illa
1436 1007 1687 1092 poetica
1733 1006 1983 1071 scabies
2028 1006 2239 1090 coepit
2284 1008 2647 1092 excalpere,
2701 1007 2882 1071 cuius
2913 1008 3118 1073 morbi
3147 1007 3450 1089 quoniam
3481 1006 3676 1073 facile
3715 1008 4081 1092 contagium

820 1116 951 1190 est,
1019 1110 1261 1175 utinam
1324 1111 1408 1175 ad
1468 1117 1531 1175 te
1592 1130 1842 1193 quoque
1902 1111 2163 1194 prurigo
2224 1110 2579 1193 conmigret
2638 1117 2703 1175 et
2759 1109 2906 1174 fuco
2964 1119 3113 1176 tuae
3174 1111 3641 1176 emendationis
3686 1110 3940 1177 adiecto
3982 1112 4085 1177 in-

818 1211 1051 1295 pingas
1098 1213 1517 1297 sphongiam,
1586 1232 1751 1296 quae
1811 1212 2236 1297 inperfectum
2283 1231 2445 1297 opus
2491 1212 2641 1296 equi
2693 1213 2861 1277 male
2909 1214 3267 1298 spumantis
3312 1214 3634 1279 absolvat.
3728 1235 3804 1279 ac
3850 1235 3932 1279 ne
3979 1235 4080 1280 me

818 1315 1072 1380 nescias
1133 1316 1521 1400 gloriosum,
1589 1324 1846 1400 coeptos
1904 1315 2073 1381 inter
2130 1316 2574 1401 prandendum
2635 1316 2987 1382 versiculos
3046 1324 3196 1381 ante
3243 1337 3440 1383 cenae
3486 1323 3740 1403 tempus
3787 1318 4069 1383 absolvi:

816 1418 935 1482 hoc
981 1425 1099 1500 est,
1152 1419 1303 1484 dum
1350 1419 1499 1484 bibo
1546 1427 1611 1485 et
1656 1420 1850 1504 paulo
1895 1426 2044 1484 ante
2090 1441 2278 1503 quam
2328 1420 2639 1486 biberem.
2735 1420 2819 1485 sit
2863 1441 3016 1503 ergo
3063 1440 3335 1486 examen
3378 1441 3492 1506 pro
3523 1421 3792 1486 materia
3823 1430 3888 1486 et
3917 1427 4079 1486 tem·
4120 1440 4182 1481 ιο

815 1541 991 1604 pore.
1088 1529 1190 1588 set
1232 1530 1300 1587 tu
1348 1543 1600 1605 quoque
1648 1523 1768 1587 hoc
1811 1522 2023 1607 ipsum
2072 1523 2263 1607 paulo
2309 1522 2576 1588 hilarior
2621 1530 2684 1588 et
2740 1523 3005 1588 dilutior
3063 1525 3242 1607 lege:
3310 1545 3586 1606 namque
3632 1524 3932 1590 iniurium
3981 1532 4080 1590 est

814 1623 896 1689 de
942 1632 1133 1708 poeta
1178 1627 1350 1691 male
1397 1626 1605 1690 sobrio
1652 1626 1957 1691 lectorem
2003 1626 2388 1691 abstemium
2434 1626 2741 1692 iudicare.
2835 1647 3044 1708 neque
3091 1647 3192 1691 me
3238 1628 3410 1692 fallit
3439 1628 3574 1693 fore
3614 1628 3918 1709 aliquem,
3971 1628 4079 1711 qui

815 1727 983 1793 hunc
1040 1727 1250 1794 iocum
1298 1736 1584 1793 nostrum
1630 1729 1835 1794 acutis
1881 1728 2145 1794 naribus
2191 1735 2255 1794 et
2301 1736 2604 1813 caperata
2651 1729 2856 1794 fronte
2902 1731 3283 1796 condemnet
3324 1738 3644 1814 negetque
3690 1752 3793 1796 me
3839 1732 4072 1812 omnia,

812 1852 977 1914 quae
1023 1832 1107 1897 ad
1150 1833 1499 1897 ternarium
1545 1838 1611 1898 et
1654 1832 2070 1897 novenarium
2117 1852 2416 1896 numeros
2459 1833 2813 1916 pertinent,
2882 1832 3200 1915 attigisse.
3294 1854 3482 1916 quem
3543 1854 3663 1916 ego
3716 1854 3938 1899 verum
3982 1833 4082 1897 di-

813 1955 955 2000 cere
1001 1935 1283 2013 fatebor,
1349 1936 1516 2002 iuste
1573 1936 1849 2019 negabo.
1945 1936 2180 2021 quippe
2227 1934 2281 1999 si
2329 1936 2532 2001 bonus
2580 1943 2710 2015 est,
2780 1956 2945 2018 quae
2992 1936 3210 2017 omisi,
3278 1957 3404 2001 non
3451 1937 3652 2023 oblita
3697 1937 3889 2019 mihi,
3958 1935 4075 2001 sed
4115 1958 4177 1999 ιε,

811 2038 1162 2122 praeterita
1206 2039 1553 2105 existimet.
1650 2039 1883 2105 dehinc
1930 2039 2417 2121 qualiscumque
2464 2046 2581 2122 est,
2636 2040 2874 2122 cogitet
2917 2058 3153 2117 secum,
3210 2060 3399 2122 quam
3446 2041 3650 2105 multa
3695 2040 3777 2105 de
3810 2040 3909 2104 his
3953 2061 4075 2104 non

810 2142 1224 2225 repperisset,
1278 2143 1332 2207 si
1363 2143 1508 2227 ipse
1539 2144 1922 2225 quaesisset.
2019 2143 2183 2208 sciat
2214 2143 2411 2208 etiam
2444 2163 2545 2207 me
2578 2162 2784 2226 neque
2818 2143 3114 2207 omnibus
3146 2143 3345 2208 erutis
3378 2163 3561 2209 usum
3595 2151 3660 2208 et
3694 2144 4075 2226 quibusdam

810 2246 1043 2311 oblatis
1088 2246 1384 2312 abusum.
1480 2268 1669 2330 quam
1732 2247 1934 2312 multa
1992 2247 2162 2312 enim
2210 2246 2292 2311 de
2337 2246 2618 2311 ternario
2666 2246 2877 2311 sciens
2924 2247 3227 2329 neclego:
3298 2254 3586 2332 tempora
3631 2253 3696 2313 et
3741 2267 4069 2332 personaS‚

810 2368 1053 2430 genera
1098 2356 1162 2415 et
1206 2349 1471 2433 graduS,
1525 2370 1757 2415 novem
1804 2351 2125 2416 naturalia
2169 2356 2374 2414 metra
2418 2371 2563 2414 cum
2610 2349 2930 2430 trimetriS,
2993 2357 3192 2416 totam
3238 2351 3722 2434 grammaticam
3770 2358 3835 2417 et
3878 2351 4077 2416 musi-

810 2472 950 2516 cam
1009 2452 1340 2535 librosque
1401 2453 1797 2535 medicinae,
1867 2460 1963 2518 ter
2020 2453 2370 2517 maximum
2418 2453 2699 2518 Hermen
2761 2459 2826 2525 et
2881 2460 3231 2518 amatorem
3291 2454 3561 2538 primum
3625 2454 4076 2538 philosophiae
4117 2476 4180 2516 30

811 2554 1240 2639 Varronisque
1286 2575 1607 2637 numeros,
1662 2562 1725 2621 et
1770 2555 2082 2640 quidquid
2112 2556 2447 2640 profanum
2480 2556 2718 2639 vulgus
2748 2556 3025 2638 ignorat.
3121 2564 3462 2640 postremO,
3519 2558 3687 2639 quod
3719 2557 3913 2621 facile
3952 2564 4066 2633 est,

812 2678 954 2724 cum
999 2659 1141 2745 ipse
1187 2660 1390 2725 multa
1432 2660 1767 2731 invenerit.
1825 2666 2128 2743 conparet
2172 2679 2242 2724 se
2290 2666 2483 2741 atque
2528 2680 2649 2740 me,
2705 2666 3084 2743 occupatum
3131 2680 3273 2724 cum
3321 2661 3540 2740 otios0,
3595 2680 3897 2745 pransum
3932 2680 4074 2724 cum

808 2761 1156 2844 abstemio,
1226 2763 1433 2827 iocum
1492 2770 1556 2827 et
1613 2762 1831 2828 ludum
1879 2782 2127 2845 meum,
2194 2762 2603 2845 diligentiam
2663 2771 2727 2829 et
2787 2762 3171 2828 calumniam
3220 2782 3423 2828 suam.
3519 2764 3689 2828 alius
3734 2763 3902 2828 enim
3946 2763 4076 2827 alio

812 2866 998 2949 plura
1056 2866 1346 2931 invenire
1404 2873 1650 2950 potest,
1720 2886 1907 2931 nemo
1966 2864 2199 2930 omnia.
2295 2865 2467 2948 quod
2529 2866 2584 2930 si
2644 2865 2838 2930 alicui
2897 2872 2962 2930 et
3006 2866 3312 2931 obscurus
3357 2866 3658 2945 videbor,
3726 2873 3883 2951 aput
3928 2886 4072 2931 eum

814 2989 915 3034 me
964 2969 1059 3034 sic
1101 2970 1404 3035 tuebere:
1456 2969 1729 3054 primum
1776 2968 2089 3034 eiusmodi
2136 2968 2405 3054 epyllia,
2458 2968 2580 3032 nisi
2628 2969 2734 3033 vel
2779 2969 3053 3034 obscura
3099 2970 3260 3051 sint,
3319 2969 3477 3033 nihil
3526 2969 3777 3033 futura:
3841 2969 4075 3035 deinde
4118 2992 4179 3032 ar,

985 3316 1045 3364 13
1085 3316 1187 3366 Cic.
1233 3317 1374 3366 Verr.
1418 3319 1529 3367 Act.
1576 3320 1618 3365 11
1663 3317 1708 3380 1,
1751 3317 1815 3368 26
1858 3317 1958 3382 (66)
2005 3319 2223 3365 Rubrius
2261 3319 2414 3365 istius
2450 3319 2656 3365 comites
2694 3319 2878 3366 invitat
2915 3355 2926 3366 .
2962 3355 2972 3365 .
3009 3354 3020 3366 .
3063 3323 3256 3366 mature
3296 3319 3536 3366 veniunt:
3578 3319 3933 3367 discumbitur.
4013 3319 4070 3366 nt

807 3416 966 3450 sermo
1001 3407 1137 3453 inter
1170 3419 1254 3452 eos
1292 3408 1342 3450 et
1381 3405 1631 3466 invitatio,
1672 3411 1730 3452 ut
1767 3405 1950 3452 Graeco
1986 3419 2118 3451 more
2155 3406 2433 3452 biberetur.
2512 3404 2732 3452 hortatur
2769 3405 2980 3465 hospes:
3034 3410 3246 3466 poscunt
3283 3406 3546 3452 maioribus
3582 3404 3802 3466 poculis:
3846 3404 4069 3451 celebra-

806 3495 889 3537 tur
924 3492 1149 3538 omnium
1187 3504 1416 3539 sermone
1451 3492 1744 3554 laetitiaque
1783 3492 2068 3539 convivium
2320 3490 2380 3539 14
2435 3492 2554 3540 Hor.
2598 3491 2760 3539 Carm.
2803 3492 2876 3537 111
2920 3490 3001 3552 19,
3041 3493 3072 3539 9
3098 3506 3208 3553 sqq.
3250 3492 3312 3538 da
3347 3493 3498 3539 lunae
3533 3505 3742 3552 propere
3781 3505 3956 3552 novae,
4006 3491 4068 3536 da

806 3576 967 3624 noctis
1004 3576 1217 3638 mediae,
1258 3578 1338 3637 da,
1378 3592 1527 3641 puer,
1567 3580 1773 3639 auguris
1811 3579 2080 3626 Murenae:
2123 3579 2286 3626 tribus
2325 3583 2411 3625 sut
2450 3591 2623 3625 novem
2664 3579 2930 3624 miscentor
2966 3578 3156 3636 cyathis
3193 3578 3369 3638 pocula
3405 3579 3691 3626 commodis.
3767 3579 3858 3638 qui
3896 3578 4067 3625 Musas

805 3666 938 3708 amat
973 3663 1192 3724 inpares,
1242 3667 1410 3710 ternos
1448 3669 1523 3712 ter
1559 3665 1760 3723 cyathos
1796 3667 2041 3713 attonitus
2082 3669 2221 3727 petet
2258 3671 2398 3712 vates
2649 3661 2709 3711 18
2767 3663 2898 3712 Plin.
2943 3664 3004 3711 N.
3049 3665 3110 3711 Η.
3154 3662 3352 3710 XXXV
3394 3661 3490 3710 104
3537 3663 3629 3711 hoc
3675 3665 3906 3723 exemplo
3954 3665 4067 3711 eius

805 3748 988 3795 similis
1024 3753 1078 3796 et
1114 3748 1329 3796 Nealcen
1371 3764 1635 3798 successus
1672 3765 1878 3813 spumae
1928 3753 2047 3812 equi
2084 3752 2318 3799 similiter
2355 3764 2570 3813 spongea
2610 3753 2806 3812 inpacta
2843 3755 3048 3798 secutus
3094 3750 3280 3797 dicitur
3525 3748 3588 3797 23
3640 3749 3758 3798 Hor.
3802 3748 3908 3798 Sat.
3949 3749 3972 3795 1
4011 3749 4063 3810 3,

803 3831 869 3880 29
895 3847 969 3894 sq.
1010 3835 1170 3882 acutis
1207 3839 1411 3886 naribus
1622 3837 1681 3885 31
1726 3839 1840 3886 Hor.
1886 3837 2046 3886 Carni.
2090 3839 2163 3885 111
2206 3838 2251 3898 1,
2302 3837 2320 3885 1
2367 3839 2627 3898 profanum
2668 3839 2847 3896 vulgus

808 4026 1115 4033 ———-—.0—-
1134 4029 1405 4035 —q——ffi
1570 4030 1617 4034 ψ,

982 4164 1041 4212 13
1089 4167 1190 4228 tuit
1227 4155 1379 4213 facta⁰
1421 4166 1462 4213 Τ
1673 4167 1755 4214 illa
1798 4168 1838 4213 Τ
1876 4169 1917 4228 (a
1955 4183 2012 4214 ex
2050 4170 2079 4230 i)
2292 4167 2353 4214 de
2391 4167 2594 4215 ludibrii
2641 4165 2708 4216 Τλ
2945 4172 2998 4213 ut
3038 4167 3225 4212 Graeco
3263 4180 3394 4215 more
3430 4180 3524 4214 om.
3575 4166 3616 4211 T
3844 4167 4060 4212 biberem

815 4249 870 4309 Τ,
911 4250 1151 4299 liberetur
1187 4251 1216 4301 λ
1429 4255 1506 4300 set
1551 4253 1589 4298 V
1623 4253 1670 4315 (d
1707 4251 1816 4315 ⁷²22),
1859 4255 1945 4302 sed
1982 4259 2071 4301 cet.
2291 4252 2353 4301 14
2391 4233 2531 4301 s¹a⁰ei
2582 4254 2621 4300 V
2657 4253 2686 4309 (Ι
2726 4258 2770 4300 et
2809 4267 2834 4299 c
2869 4249 2960 4314 m‘2)
3222 4253 3421 4312 aegloga
3459 4251 3488 4301 λ
3737 4250 3797 4298 15
3836 4252 4061 4299 tertiatos

810 4335 850 4380 V
1062 4345 1225 4397 cyatos
1265 4338 1320 4401 P,
1363 4340 1531 4398 cythos
1568 4337 1596 4387 λ
1828 4324 1967 4400 peti}
2012 4341 2049 4388 V
2084 4339 2120 4399 (t
2156 4336 2263 4398 1²22),
2304 4341 2432 4401 petii
2476 4339 2533 4397 Τ,
2574 4341 2676 4401 peti
2717 4338 2745 4388 λ
2975 4339 3108 4387 uatis
3156 4339 3241 4386 VP
3487 4337 3546 4386 16
3599 4338 3786 4384 sibico
3832 4337 3871 4384 V
3911 4338 3942 4396 (i
3975 4352 4054 4397 pr.

800 4417 889 4480 ⁷71²,
933 4422 948 4468 1
980 4430 1089 4483 post
1114 4425 1128 4471 l
1155 4425 1318 4486 eram),
1350 4426 1483 4472 illico
1510 4422 1628 4474 PT).
1840 4428 2029 4474 scabies
2066 4426 2104 4472 V
2133 4426 2171 4488 (s
2192 4440 2269 4485 pr.
2300 4422 2376 4473 m2
2400 4428 2455 4473 in
2477 4426 2599 4484 ras.)
2814 4426 3026 4486 exculpe
3056 4424 3110 4486 P,
3153 4426 3420 4485 exculpere
3452 4440 3493 4471 ω
3710 4422 3770 4471 Π
3810 4438 3838 4470 a
3872 4428 3924 4471 te
3950 4423 3996 4470 P

800 4511 1089 4569 commigret
1132 4511 1209 4559 Υω
1422 4515 1537 4573 sugo
1574 4511 1620 4559 P
1826 4515 2074 4575 impingas
2111 4512 2196 4559 Ρω
2415 4511 2474 4559 18
2513 4512 2806 4573 sphongiam
2843 4513 2882 4558 V
2901 4512 2948 4571 (h
2975 4511 3071 4559 del.
3102 4508 3213 4573 m2),
3258 4511 3562 4574 sphongeam
3602 4510 3660 4570 P,
3702 4523 3967 4572 spongeam
4006 4508 4054 4568 λ,

798 4597 1054 4654 spongiam
1089 4603 1178 4646 cet.
1393 4600 1739 4660 imperfectum
1779 4618 1821 4649 ω
2033 4583 2259 4656 ιὼεοὶιιαᾷ
2302 4599 2344 4644 Τ
2553 4614 2608 4645 ac
2647 4612 2708 4646 ne
2746 4613 2825 4645 me
2861 4598 3125 4658 gloriosum
3163 4611 3313 4657 neges
3352 4615 3394 4646 ω
3610 4597 3671 4645 19
3708 4602 3877 4658 ceptos
3905 4595 3991 4642 ΡΤ

797 4682 1120 4742 pendendum
1163 4685 1207 4730 P
1464 4687 1804 4750 uersusiculos
1837 4686 1876 4731 Τ
2133 4673 2375 4747 aute⁰ene
2425 4686 2463 4730 V
2503 4687 2606 4744 (nte
2646 4688 2698 4732 in
2733 4699 2831 4732 ras.
2875 4689 2903 4731 4
2942 4685 3060 4746 litt„
3102 4699 3127 4730 e
3162 4682 3249 4746 m‘l)
3519 4689 3635 4730 tene
3677 4683 3730 4745 P,
3773 4696 3954 4730 caenae
3997 4683 4052 4744 T,

797 4779 980 4815 coenae
1018 4766 1047 4817 λ
1256 4773 1483 4820 absoluet
1520 4772 1565 4818 P
1792 4771 1857 4820 20
1898 4773 2123 4820 marteris
2173 4773 2208 4818 V
2246 4773 2283 4831 (r
2317 4786 2395 4831 pr.
2440 4773 2582 4830 eras.)
2821 4770 2875 4817 21
2924 4775 3001 4817 set
3049 4772 3086 4816 V
3123 4771 3168 4832 [d
3205 4766 3318 4830 m2),
3359 4770 3445 4816 sed
3483 4774 3573 4817 eet.
3788 4775 3845 4816 tu
3893 4771 3941 4817 V·
3970 4767 4059 4826 (m'2

799 4866 838 4902 ε.
880 4855 977 4914 υ.),
1018 4861 1076 4903 ut
1114 4857 1158 4903 P
1388 4860 1534 4919 paulo
1583 4861 1623 4906 V
1660 4860 1723 4921 (lo
1762 4862 1814 4905 in
1850 4856 1973 4918 ras.)
2210 4846 2650 4904 hilarioradilucior
2687 4856 2715 4906 λ
2949 4870 3060 4903 nam
3106 4855 3164 4914 Τ,
3205 4868 3406 4916 nanque
3445 4852 3472 4903 λ
3707 4854 3769 4904 22
3809 4856 3896 4916 qui
3933 4857 4058 4902 sorte

808 4938 849 4984 T
892 4939 1035 5001 (forte
1072 4942 1188 5002 del.)
1408 4944 1470 4992 23
1512 4951 1762 5008 caperrata
1804 4944 1856 5002 P,
1904 4949 2099 5005 caprata
2136 4942 2165 4992 λ
2377 4949 2628 5004 negetque
2678 4944 2717 4990 V
2755 4941 2803 5003 (g
2838 4958 2894 4990 ex
2930 4957 2954 4989 c
2989 4940 3077 5001 m‘-’)
3311 4941 3374 4991 24
3415 4925 3755 4989 nonuernarisi
3792 4955 4052 4989 numeros*

809 5025 849 5070 V
888 5028 1024 5088 (corr.
1066 5026 1155 5089 m2)
1394 5033 1621 5091 attigisse
1672 5033 1708 5077 V
1749 5034 1791 5092 (e
1830 5034 1881 5077 in
1917 5031 2036 5088 ras.)
2277 5029 2343 5078 25
2383 5031 2602 5077 nescabo
2651 5030 2690 5076 V
2725 5031 2864 5090 (corr.
2907 5027 2996 5089 m2)
3235 5030 3276 5074 si
3326 5029 3366 5073 V
3401 5024 3494 5089 (m2
3530 5031 3584 5075 in
3619 5030 3767 5090 raa),
3807 5043 3903 5077 om.
3947 5029 3991 5075 P

795 5112 973 5162 obmisi
1010 5113 1039 5163 λ
1309 5124 1388 5166 set
1432 5119 1468 5163 V
1505 5119 1550 5178 (d
1588 5115 1704 5180 m2)‚
1755 5118 1839 5165 sed
1880 5124 1966 5165 cet.
2252 5113 2324 5165 26·
2355 5117 2721 5178 qualiscunque
2760 5132 2802 5163 ω
3081 5115 3143 5162 27
3167 5117 3452 5176 ·reperisset
3492 5112 3612 5163 ΡΤλ
3881 5113 4054 5180 etiam]

760 5207 770 5216 ·
795 5200 948 5246 etiam
984 5215 1112 5261 quae
1154 5203 1247 5267 Τχ,
1291 5212 1445 5267 etque
1481 5204 1510 5254 λ
1756 5201 1943 5269 neque]
1978 5218 2075 5265 que
2124 5206 2175 5262 V,
2218 5219 2308 5251 nec
2352 5205 2392 5250 Ε
2424 5204 2562 5264 υοὶρο
2797 5203 3009 5250 eruditis
3059 5202 3153 5258 ΥΡ,
3196 5203 3347 5250 eratis
3385 5200 3413 5250 λ
3652 5201 3716 5250 28
3755 5216 3907 5263 quare
3946 5202 3990 5248 P

797 5286 1003 5346 neglego
1043 5287 1098 5346 P,
1142 5292 1367 5350 neglexit
1403 5290 1453 5352 λ,
1496 5293 1696 5350 neglexi
1739 5292 1811 5355 Τχ
1846 5294 1989 5350 volyo
2232 5295 2283 5338 et
2319 5305 2557 5352 personas
2596 5304 2774 5350 genera
2811 5303 2908 5337 om.
2953 5290 2997 5335 P
3237 5288 3300 5337 30
3338 5290 3562 5349 libroque
3608 5289 3648 5335 V
3876 5289 4052 5336 medici

798 5375 953 5420 nostri
994 5375 1265 5424 maximum
1307 5378 1351 5424 P
1581 5380 1856 5426 medicinos
1899 5375 1969 5426 Τλ
2205 5379 2549 5424 trimaximum
2596 5378 2633 5422 Υ
2857 5377 3023 5424 herme
3067 5375 3109 5420 P
3330 5381 3600 5423 umatorem
3639 5375 3684 5421 P
3909 5376 4054 5423 thilo-

793 5458 972 5520 SOPhie
1018 5459 1056 5505 V
1277 5463 1335 5512 31
1379 5465 1618 5527 quicquid
1660 5465 1742 5513 Ρω
1970 5464 2279 5525 prophanum
2323 5464 2460 5511 PTE
2684 5477 2782 5510 non
2821 5465 3015 5521 ignorat
3053 5462 3168 5511 Par.
3209 5464 3354 5522 volyo
3563 5467 3814 5524 postremo
3851 5497 3867 5512 .
3901 5498 3912 5510 .
3948 5498 3960 5510 .
4000 5475 4050 5508 se

794 5555 890 5595 om.
945 5546 983 5592 V
1259 5551 1323 5601 32
1360 5548 1498 5617 cum]
1534 5557 1589 5599 tu
1628 5551 1672 5598 P
1912 5557 2149 5611 conparet
2187 5551 2245 5612 P,
2288 5555 2542 5610 comparet
2575 5555 2665 5597 cet.
2915 5545 3088 5614 atque]
3127 5551 3322 5610 scitque
3371 5550 3410 5596 V
3447 5550 3563 5610 (scit
3596 5545 3688 5606 571²,
3730 5549 3800 5594 sci
3840 5550 3892 5594 in
3926 5548 4049 5609 ras.)

792 5629 856 5680 33
895 5633 1170 5681 abustemio
1216 5636 1254 5681 V
1289 5639 1332 5698 (s
1356 5642 1505 5700 eras.)
1721 5651 1880 5686 meam
1922 5673 1932 5684 .
1965 5675 1977 5687 .
2011 5674 2023 5687 .
2069 5652 2217 5685 suum
2261 5637 2302 5683 Τ
2512 5633 2669 5702 enim]
2707 5637 2787 5683 cui
2815 5635 2861 5682 P
3065 5634 3130 5683 34
3169 5642 3218 5683 et
3254 5649 3349 5684 om.
3387 5636 3427 5681 Τ
3630 5641 3750 5695 aput
3789 5635 3826 5679 V
3854 5635 3900 5695 (d
3931 5631 4045 5696 m'2)‚

792 5717 924 5777 apud
960 5724 1046 5766 cet.
1264 5723 1327 5771 35
1365 5738 1446 5771 me
1483 5739 1577 5770 om.
1631 5725 1670 5769 V
1872 5724 2013 5785 pillia
2059 5724 2113 5780 V,
2157 5724 2309 5784 epilia
2352 5724 2411 5783 Τ,
2452 5724 2616 5785 epylia
2654 5720 2681 5769 λ
2891 5723 3041 5769 nichil
3082 5721 3126 5767 P
