4630 6435
1863 415 2355 469 PAREN'rAmA
2400 418 2566 478 (xxm.
3753 391 3827 484 51

1468 774 1580 839 21.
1644 776 1922 840 NAMIA
1967 776 2517 845 PVDENTILLA
2563 779 2939 846 ADFINIS.

1246 964 1472 1046 Tuque
1516 964 1950 1029 Pudentillam
1998 967 2211 1032 verbis
2257 967 2486 1032 adfare
2533 970 2885 1053 supremis,
3454 993 3545 1041 178
3590 995 3827 1053 (xvnu)

1417 1086 1583 1147 quae
1629 1067 1839 1132 famae
1888 1088 2139 1151 curam,
2194 1089 2360 1151 quae
2404 1071 2743 1155 probitatis
2790 1073 3012 1139 habes,

1244 1170 1479 1235 nobilis
1527 1172 1687 1236 haec
1730 1171 1904 1256 frugi
1950 1173 2150 1256 proba
2195 1174 2370 1239 laeta
2414 1175 2649 1259 pudica
2695 1176 2965 1259 decora,

1415 1274 1781 1358 coniugium
1829 1276 2051 1342 Sancti
2095 1277 2332 1360 iugiter
2374 1278 2536 1345 haec
2581 1280 2826 1346 habuit.

1108 1398 1134 1438 ⁵
1240 1377 1552 1443 inviolata
1596 1385 1784 1444 tuens
1831 1388 2051 1445 castae
2098 1382 2447 1466 praeconia
2490 1383 2662 1449 vitae

1413 1482 1577 1546 rexit
1622 1502 1778 1566 opes
1824 1484 2150 1568 propriae,
2204 1484 2337 1550 otia
2382 1493 2616 1568 agente
2664 1487 2829 1552 viro:

1241 1605 1364 1649 non
1409 1584 1556 1649 ideo
1603 1587 1998 1670 exprobrans
2042 1596 2155 1652 aut
2199 1588 2406 1654 fronte
2452 1590 2729 1655 obducta
2773 1592 3039 1672 marit0,

1410 1689 1582 1770 quod
1628 1696 1884 1772 regeret
1926 1697 2126 1756 totam
2174 1691 2419 1756 femina
2465 1693 2603 1757 sola
2648 1694 2928 1759 domum.

1238 1790 1364 1856 heu
1410 1792 1677 1857 nimium
1720 1793 2009 1873 invenie,
2067 1795 2184 1859 sed
2232 1796 2407 1861 laeta
2451 1798 2797 1879 superstite
2842 1805 2993 1863 nato

1080 1915 1132 1955 ιο
1409 1902 1602 1979 atque
1648 1897 1816 1976 vir0,
1872 1898 2126 1981 patiens
2172 1897 2307 1962 fata
2354 1919 2653 1982 suprema
2698 1901 2885 1983 obiit,

1238 1999 1558 2064 unanimis
1604 2009 1860 2065 nostrae
1906 2009 1971 2065 et
2013 2001 2335 2084 quondam
2383 2023 2695 2084 germana
2740 2005 3021 2071 Sabinae

1410 2111 1474 2167 et
1518 2102 1675 2167 mihi
1720 2103 2037 2169 inoffenso
2082 2105 2337 2172 nomine
2384 2106 2558 2170 dicta
2603 2127 2797 2171 soror.

1237 2225 1407 2270 nunc
1450 2205 1642 2271 etiam
1688 2227 1913 2272 manes
1961 2207 2251 2291 placidos
2295 2208 2406 2292 pia
2452 2229 2605 2274 cura
2649 2219 2948 2278 retractat

1407 2316 1599 2392 atque
1645 2309 2077 2375 Pudentillam
2127 2311 2322 2377 fantis
2369 2312 2609 2378 honore
2656 2314 2826 2380 colit.

1356 2673 1468 2738 22.
1525 2674 1920 2739 LVCANVS
1963 2674 2357 2741 TALISIVS
2405 2678 2481 2742 V.
2534 2678 2604 2743 C.
2659 2679 3033 2745 ADFINIS.

1233 2863 1367 2926 Nec
1411 2862 1542 2925 iam
1590 2870 1692 2943 tu,
1749 2864 1972 2928 matris
2020 2884 2173 2948 spes
2221 2865 2447 2945 unica,
2502 2867 2753 2950 ephebe
2798 2868 3042 2943 Talisi‚
3547 2890 3643 2938 179
3687 2891 3821 2950 (xx)

1403 2965 1784 3032 consobrine
1831 2988 2049 3049 meus,
2100 2967 2562 3034 inmemoratus
2609 2970 2774 3035 eris:

1232 3076 1491 3154 ereptus
1537 3069 1759 3154 primis
1803 3071 1948 3135 aevi
1993 3070 2280 3137 florentis
2326 3072 2396 3136 in
2442 3074 2664 3153 annis‘,

1407 3172 1535 3237 iam
1582 3180 1795 3240 tamen
1841 3182 1905 3240 et
1949 3175 2260 3256 coniunx,
2311 3176 2444 3242 iam
2491 3184 2829 3264 properate
2875 3184 3079 3264 pater.

1115 3311 1128 3336 ›
1236 3277 1579 3342 festinasse
1625 3284 1812 3363 putes
1857 3280 2098 3360 fatum,
2151 3301 2232 3345 ne
2279 3280 2471 3345 funus
2517 3283 2817 3348 acerbum

1407 3380 1649 3445 diceret
1694 3381 1813 3446 hoc
1858 3382 2108 3464 genitor
2130 3435 2143 3462 ,
2197 3389 2328 3448 tam
2375 3383 2498 3448 cito
2546 3384 2754 3450 factus
2801 3405 2984 3450 avus.

737 3753 849 3819 23.
903 3756 1275 3821 ATTVSIA
1321 3757 1668 3822 LVCANA
1712 3759 2079 3824 TALISIA.
2174 3759 2806 3838 †ERMINVSCIVS
2852 3761 3239 3827 REGVLVS
3286 3763 3659 3829 ADFINIS.

1232 3947 1474 4012 Notitia
1518 3948 1709 4013 exilis
1757 3948 1977 4028 nobie,
2032 3949 2324 4030 Attusia‚
2379 3956 2587 4015 tecum
3518 3973 3613 4022 180
3657 3975 3817 4035 (xxx)

1403 4071 1671 4134 cumque
1717 4059 1826 4117 tuo
1871 4053 2062 4136 plane
2108 4053 2383 4135 coniuge
2429 4054 2610 4118 nulla
2654 4054 2795 4119 fuit.

1232 4175 1447 4219 verum
1496 4163 1565 4219 tu
1611 4163 1867 4221 nostrae
1914 4177 2089 4221 soror
2135 4177 2205 4222 es
2250 4177 2561 4240 germana
2605 4158 2917 4239 Sabinae,

1403 4258 1635 4322 adfinis
1680 4280 1932 4341 quoque
1981 4259 2150 4345 (tu),
2204 4262 2490 4344 Regule‚
2543 4282 2773 4327 nomen
2818 4262 3043 4328 habeS.

1097 4381 1123 4420 5
1231 4360 1485 4426 sortitos
1529 4361 1728 4445 igitur
1772 4369 1900 4426 tam
1948 4383 2099 4428 cara
2144 4364 2458 4429 vocabula
2501 4365 2687 4430 nobis

1403 4465 1793 4548 stringamus
1838 4467 2068 4532 maesti
2114 4467 2415 4532 carminis
2460 4469 2788 4552 obsequio.

1228 4568 1523 4649 quamvis
1570 4568 1918 4635 Santonica
1965 4570 2182 4653 procul
2229 4570 2295 4635 in
2342 4572 2575 4636 tellure
2619 4572 2905 4637 iacentes

1399 4672 1694 4756 pervenit
1737 4674 1823 4738 ad
1869 4692 2093 4738 manes
2138 4673 2496 4756 exequialis
2543 4674 2764 4739 honor.

735 4992 835 5048 21.
909 4997 940 5046 4
977 4987 1120 5047 ‘buit
1164 5000 1205 5046 V
1241 4999 1287 5061 (ι
1319 4997 1410 5060 m2)
1678 5001 1710 5049 6
1745 5002 1863 5048 obes
1908 5001 1950 5049 V
1989 5002 2035 5063 (p
2071 4998 2160 5061 νηῒ)
2423 5000 2452 5050 8
2490 5009 2695 5063 generet
2741 5004 2794 5064 V,
2836 5009 3032 5064 gereret
3068 5001 3229 5062 Luyd.
3271 5003 3429 5063 volyo‚
3472 5009 3664 5062 regeret
3707 5004 3815 5052 Tou

563 5083 595 5131 9
632 5086 946 5146 superstitite
994 5085 1035 5131 V
1066 5100 1190 5134 corr.
1232 5084 1396 5146 Luyd.
1618 5086 1679 5135 10
1716 5087 1879 5148 adque
1926 5088 1966 5134 V
2170 5088 2371 5150 potiens
2411 5089 2643 5136 Halmius
2858 5087 2914 5137 11
2956 5072 3109 5137 condi
3156 5089 3197 5136 V
3406 5087 3466 5138 13
3505 5096 3738 5139 retractet
3779 5091 3820 5137 V

555 5184 678 5216 corr.
723 5169 886 5230 Luyd.
1106 5170 1165 5218 14
1206 5172 1364 5233 adque
1410 5172 1451 5218 V
1654 5175 1810 5221 fantis
1854 5174 1896 5220 V
1934 5176 1981 5236 (n
2020 5189 2075 5223 ex
2111 5189 2236 5223 corr.
2252 5174 2290 5235 ‘?)

729 5250 828 5306 22.
900 5239 1016 5304 cura-i
1053 5258 1143 5305 mii
1189 5258 1242 5320 V,
1296 5273 1341 5308 v.
1384 5275 1427 5307 c.
1469 5260 1650 5306 adfinis
1691 5258 1994 5322 Mommsen,
2047 5262 2237 5307 Attusii
2277 5260 2469 5308 Lucani
2506 5262 2643 5308 filius
2687 5261 2824 5321 Tou,
2879 5274 3046 5308 eorum
3084 5263 3220 5309 filius
3259 5261 3503 5320 Butades,
3555 5262 3623 5322 cf.
3669 5265 3803 5312 Arm.

554 5340 670 5400 phil.
724 5342 980 5389 “XVIIII
1012 5345 1116 5391 318
1141 5358 1211 5405 sq.
1488 5344 1506 5392 1
1551 5328 1658 5392 tfi'tfi
1696 5347 1870 5393 matris
1915 5345 2114 5404 V,·iam
2152 5352 2208 5393 tn
2247 5347 2421 5393 matris
2458 5344 2591 5407 Bou,
2644 5348 2739 5394 iam
2777 5351 2832 5393 tu
2870 5348 3041 5395 metris
3086 5346 3196 5393 Toll
3234 5348 3390 5409 volyo,
3434 5355 3601 5395 tantae
3639 5350 3811 5397 matris

557 5426 782 5474 Bromia
989 5429 1216 5493 ephoebo
1253 5432 1394 5477 talis·
1442 5432 1482 5478 V
1512 5445 1635 5478 corr.
1679 5432 1842 5491 Luqd.
2077 5430 2108 5481 2
2146 5434 2272 5479 meis
2320 5430 2359 5479 V
2400 5432 2508 5480 Tou
2542 5434 2705 5494 volvo,
2746 5446 2888 5480 meus
2925 5433 3053 5492 Bou,
3096 5432 3321 5480 Brandes
3552 5435 3581 5482 3
3620 5436 3811 5497 primus

562 5512 615 5571 V,
656 5514 834 5574 primis
874 5513 1036 5574 Luyd.
1253 5515 1283 5563 5
1321 5499 1528 5565 acerbus
1576 5518 1614 5562 V
1653 5518 1701 5578 (.·.
1735 5518 1885 5579 eras.)
2097 5517 2128 5566 6
2165 5518 2372 5566 duceret
2408 5517 2574 5578 Luyd.
2615 5520 2758 5579 volyo
2967 5518 3104 5566 factu
3153 5519 3194 5564 V

727 5628 829 5684 28.
914 5635 1135 5683 Thalisia
1181 5591 1489 5684 Eminvgi'a
1521 5639 1562 5686 V
1766 5636 1797 5687 2
1834 5629 2009 5701 qumq⁵
2045 5638 2086 5684 V
2289 5639 2320 5686 4
2361 5645 2416 5687 tu
2452 5640 2570 5690 add.
2613 5638 2774 5701 Luyd.
2991 5638 3017 5684 7
3058 5626 3341 5688 san⁰tonic⁸
3384 5640 3425 5687 V
3649 5639 3679 5689 8
3716 5654 3809 5688 ex-

553 5720 793 5782 sequialis
843 5722 883 5768 V

3317 5823 3395 5875 7*
