4630 6435
488 3530 545 3571 10

487 4045 548 4089 15

486 4559 549 4603 20

1769 1718 2644 1837 APPENDIX.

2066 1986 2377 1996 ——-———-

2178 2175 2238 2247 I.

993 2354 1612 2454 PERIOCHAE
1676 2353 2099 2452 HOMERI
2162 2351 2575 2452 ILIADIS
2647 2353 2783 2451 ΕΤ
2848 2351 3414 2452 ODYSSIAE.

755 2583 818 2650 1.
882 2584 955 2650 Si
999 2586 1380 2668 Homerum,
1445 2555 1816 2670 scriptorem
1861 2585 2073 2650 Troici
2118 2583 2274 2649 belli
2323 2591 2624 2667 eatenus,
2691 2604 2818 2668 qua
2863 2583 3136 2650 Iliadem
3183 2604 3367 2650 suam
3409 2582 3633 2669 incipit
3677 2603 3835 2666 qua·
3871 2593 3975 2645 42⁰

581 2709 703 2773 que
747 2687 917 2771 finit,
970 2707 1485 2773 percenseamus,
1540 2708 1753 2754 orsum
1800 2689 1883 2753 ab
1927 2686 2266 2753 iracundia
2309 2686 2584 2753 Achillis
2630 2687 2717 2753 ad
2763 2689 3156 2773 sepulturam
3201 2687 3498 2754 Hectoris
3544 2693 3840 2770 quattuor

583 2798 647 2857 et
687 2790 919 2874 viginti
960 2791 1159 2856 libros
1203 2791 1608 2857 contexuisse
1653 2791 2174 2857 monstrabimus,
2269 2791 2431 2856 haec
2476 2791 2617 2856 eius
2663 2792 2916 2875 species
2964 2798 3235 2876 apparet
3277 2810 3591 2857 summam
3627 2798 3835 2857 eutem

583 2892 770 2977 primi
814 2892 1026 2978 operis
1084 2893 1377 2960 intuenti.
1471 2914 1691 2960 verum
1739 2894 1861 2960 hoc
1904 2894 2254 2979 scripturae
2314 2893 2521 2978 ipsius
2580 2901 2833 2978 tempus
2881 2895 3157 2959 Troiano
3220 2894 3393 2959 bello
3437 2914 3563 2959 non
3609 2901 3829 2971 totum,

585 2995 701 3061 sed
744 3016 952 3080 paene
982 2995 1276 3062 ultimum
1322 2996 1466 3063 fuit.
1561 3019 1709 3064 nam
1757 2997 1813 3063 si
1861 2998 2021 3063 ratio
2067 2997 2357 3082 putanda
2403 3004 2501 3062 est
2543 2996 3038 3082 oppugnationis
3071 2997 3397 3078 decenniS‚
3450 3017 3656 3062 nonus
3704 2996 3839 3062 fere

582 3118 809 3179 annus,
860 3098 1162 3182 idemque
1206 3119 1403 3185 prope
1448 3100 1638 3167 finem
1685 3100 1809 3180 sui,
1863 3121 1942 3167 ea
1985 3100 2245 3184 negotia
2290 3098 2661 3181 continebit,
2714 3120 2878 3183 quae
2940 3099 3022 3164 ab
3067 3099 3303 3164 iniuria
3341 3100 3840 3183 Agamemnonis

582 3222 660 3267 ac
690 3202 1001 3270 Briseidis
1045 3203 1460 3289 usurpatione
1508 3224 1711 3289 usque
1758 3203 1845 3270 ad
1888 3203 2081 3271 funus
2111 3202 2406 3270 Hectoris
2439 3202 2637 3288 digna
2666 3211 3021 3270 memoratu
3071 3203 3320 3287 <erantz
3370 3204 3526 3287 uon>
3577 3202 3697 3269 erit
3722 3202 3838 3268 illa

580 3303 933 3390 temporum
981 3306 1202 3389 series,
1256 3327 1423 3390 quae
1467 3307 1550 3373 ab
1597 3306 1885 3373 eiusdem
1916 3307 2072 3373 belli
2103 3306 2317 3372 causis
2352 3314 2544 3391 atque
2576 3306 2824 3390 origine
2854 3306 3131 3392 pertinet
3166 3305 3251 3371 ad
3282 3306 3460 3372 urbis
3492 3305 3835 3372 excidium.

582 3414 774 3491 atque
819 3429 899 3474 ex
946 3429 1021 3475 eo
1066 3409 1350 3492 eveniet,
1416 3416 1488 3475 ut
1529 3409 1772 3493 ignaris
1830 3409 2164 3475 iudicandi
2224 3417 2289 3476 et
2347 3409 2636 3495 poeticae
2694 3410 3104 3475 oeconomiae
3164 3409 3565 3495 expertibus,
3637 3409 3841 3474 multa

583 3511 825 3577 nobilia
867 3512 950 3578 ab
997 3512 1257 3579 exordio
1301 3512 1460 3578 belli
1504 3532 1708 3595 usque
1753 3511 1840 3578 ad
1884 3512 2156 3578 Achillis
2198 3512 2477 3596 iurgium
2525 3512 2763 3579 omissa
2809 3512 3171 3578 videantur.
3249 3532 3367 3577 nec
3397 3511 3609 3577 minus
3639 3511 3841 3577 multa

584 3614 665 3679 ab
709 3615 1004 3680 Hectoris
1049 3615 1273 3682 funere
1319 3614 1403 3680 ad
1451 3634 1654 3699 usque
1702 3615 1983 3682 deletum
2030 3614 2244 3680 Ilium.
2339 3636 2604 3697 quorum
2651 3615 2912 3698 quidem
2960 3615 3241 3682 maxima
3287 3614 3646 3699 expectatio
3705 3622 3843 3680 erat

584 3724 843 3802 propter
894 3724 1027 3784 tam
1086 3718 1259 3803 longi
1320 3718 1684 3785 certaminis
1745 3718 2377 3785 consummationem.
2474 3717 2593 3785 sed
2652 3725 2722 3784 ut
2781 3718 3069 3784 divinum
3128 3724 3382 3804 poetam
3442 3717 3604 3784 nihil
3666 3716 3837 3801 quod

582 3819 832 3886 illustre
878 3820 1073 3886 fuerit
1114 3820 1406 3888 omisisse
1452 3829 1767 3907 appareat
1811 3828 2001 3905 atque
2049 3822 2264 3887 omnia
2325 3842 2491 3906 quae
2550 3821 2718 3887 finiri
2777 3821 3056 3907 oportuit
3117 3822 3492 3904 contigisse,
3562 3821 3862 3906 breviter·

585 3929 649 3988 et
691 3923 758 3988 in
803 3923 1120 4009 epitomae
1166 3925 1443 4010 speciem
1488 3925 1648 3991 belli
1677 3925 1895 3992 Troici
1943 3945 2203 3991 causam
2251 3923 2517 4009 originis
2564 3933 3044 4011 apparatusque
3090 3924 3449 4010 quae<que>
3498 3923 3684 3989 annis
3732 3943 3842 3989 su-

585 4025 942 4110 perioribus
1000 4027 1372 4095 acciderunt
1428 4028 1845 4094 retexuimus.
1942 4028 2164 4094 horum
2207 4013 2506 4099 'omnium
2565 4028 2772 4113 prima
2832 4028 3010 4112 origo
3071 4034 3167 4094 est
3217 4027 3470 4093 Paridis
3528 4026 3840 4093 iudicium

587 4129 749 4195 inter
794 4128 973 4213 deas,
1027 4130 1262 4197 deinde
1308 4130 1534 4198 classis
1581 4131 1922 4213 contextiO,
1972 4152 2102 4214 qua
2146 4130 2320 4197 idem
2365 4130 2548 4196 Paris
2591 4130 2660 4196 in
2706 4132 3026 4215 Europam
3058 4131 3410 4213 navigavit,
3462 4137 3594 4196 tum
3632 4130 3840 4213 raptio

586 4233 894 4313 Helenae,
947 4254 1112 4317 quae
1157 4233 1458 4318 opinione
1502 4241 1788 4301 veterum
1833 4234 2134 4319 bipertita
2178 4242 2292 4316 est,
2350 4234 2522 4319 quod
2550 4235 2839 4320 plerique
2870 4235 3186 4300 Helenam
3221 4234 3404 4300 iuxta
3432 4232 3839 4300 Homericum

586 4336 838 4419 plasma
880 4335 968 4401 ad
1010 4336 1267 4401 Troiam
1313 4336 1713 4422 deportatam
1760 4337 1961 4403 fuisse
2007 4337 2559 4419 existimaverunt,
2612 4337 2901 4402 nonnulli
2951 4343 3164 4402 autem
3210 4336 3451 4421 opinati
3483 4342 3650 4417 sunt,
3697 4355 3839 4400 cum

586 4438 957 4504 Alexander
1002 4458 1189 4505 eursu
1237 4438 1599 4506 deerrasset
1642 4440 2021 4524 delatusque
2066 4439 2152 4505 ad
2183 4439 2551 4525 Aegyptum
2599 4440 2847 4522 fuisset,
2901 4439 3159 4523 cognita
3191 4440 3527 4524 hospitalis
3560 4438 3838 4505 foederis

587 4541 854 4624 iniuria,
913 4542 1086 4628 (per)
1134 4541 1524 4627 Aegyptium
1570 4564 1807 4627 regem,
1864 4542 2415 4610 servantissimum
2460 4542 2612 4608 iusti
2656 4543 2896 4626 virum,
2956 4543 3270 4608 Helenam
3317 4562 3458 4608 cum
3502 4542 3617 4621 iis,
3676 4561 3839 4625 quae

589 4665 719 4710 una
763 4663 906 4710 cum
952 4644 1181 4711 eadem
1226 4645 1483 4711 fuerant
1524 4646 1826 4731 abrepta,
1880 4645 2096 4711 Paridi
2143 4647 2462 4712 sublatam
2509 4653 2879 4731 expugnato
2932 4646 3187 4712 demum
3234 4645 3354 4710 Ilio
3400 4645 3692 4712 Menelao
3738 4665 3840 4711 re-

585 4747 894 4814 stitutam.

762 5043 803 5093 1.
881 5043 1096 5092 Ausonii
1132 5044 1369 5092 Periocha
1403 5046 1458 5093 in
1495 5044 1767 5093 Homerum
1805 5051 1856 5093 ot
1898 5045 1988 5106 (er)
2029 5047 2191 5107 primo
2230 5044 2411 5093 Iliados
2445 5043 2555 5105 vy„
2599 5044 2801 5093 nullum
2825 5045 3003 5091 lemma
3033 5043 3078 5090 P
3262 5038 3318 5092 1.
3392 5042 3423 5091 4
3460 5042 3553 5091 hoc
3588 5044 3641 5089 in
3680 5043 3838 5104 scrip-

587 5133 729 5177 turae
762 5129 851 5189 Uo.
1063 5130 1274 5193 tempo-1⁸
1301 5131 1346 5178 P
1550 5131 1581 5179 6
1617 5133 1819 5191 negocia
1856 5133 2182 5181 contremebit
2207 5132 2252 5179 P
2456 5131 2774 5191 agamenonis
2801 5129 2858 5189 P,
2902 5130 3290 5190 Agammenonis
3325 5128 3411 5187 Cy.
3630 5127 3657 5175 7
3696 5133 3839 5175 erant

590 5213 877 5275 Mommen,
920 5228 1022 5263 non
1064 5215 1257 5264 Gronov
1292 5216 1606 5278 addiderunt,
1648 5231 1743 5266 om.
1775 5217 1820 5264 P
1849 5217 1933 5278 L'y.
2148 5219 2244 5266 erit
2282 5216 2329 5263 P
2369 5216 2480 5277 Cy„
2522 5221 2671 5265 erunt
2708 5215 2821 5265 ΑΜ.
2864 5217 3003 5276 υοιρο
3230 5214 3261 5263 9
3298 5215 3438 5275 atqui
3486 5214 3591 5262 Toll
3627 5215 3767 5273 votqo

588 5303 809 5364 poeticae
845 5316 944 5351 om.
981 5301 1069 5362 Uy.
1283 5305 1582 5365 expertilius
1618 5303 1663 5350 P
1874 5304 1935 5353 10
1972 5304 2205 5351 uideatur
2241 5303 2286 5350 P
2499 5302 2552 5351 11
2596 5303 2764 5351 hector
2799 5302 2845 5349 P
3053 5300 3111 5351 12
3150 5302 3576 5349 consumationem
3606 5299 3652 5346 P
3679 5299 3765 5361 Uy.

590 5388 744 5436 nichil
782 5387 828 5434 P
1089 5387 1148 5438 13
1188 5390 1368 5438 omisso
1406 5389 1452 5436 P
1710 5389 1772 5439 14
1808 5391 2060 5451 epithome
2099 5390 2144 5437 P
2396 5390 2751 5451 appetitusque
2790 5388 2836 5435 P
3084 5401 3211 5449 quae
3251 5388 3296 5435 P
3336 5385 3448 5448 U9.,
3489 5401 3716 5449 quaeque
3753 5402 3839 5447 eqo

594 5474 655 5524 15
692 5476 970 5524 reteximus
1008 5474 1054 5521 P
1323 5475 1562 5524 iuditium
1602 5477 1647 5524 P
1959 5474 2017 5524 17
2056 5476 2295 5537 bipartita
2346 5475 2435 5535 Cy.
2717 5478 2854 5524 iusta
2892 5474 2935 5521 P
3246 5472 3305 5523 18
3343 5474 3702 5521 extimauerifit
3748 5472 3833 5533 Uy.

596 5559 655 5608 19
692 5560 877 5608 feder-la
916 5559 961 5606 P
1181 5561 1247 5612 20
1284 5574 1375 5623 per
1410 5561 1530 5611 add.
1578 5560 1733 5617 Vm.⁴‚
1777 5577 1874 5612 om.
1916 5563 1961 5610 P
2001 5552 2090 5622 Uy.
2302 5563 2347 5610 is
2386 5561 2432 5608 P
2652 5561 2710 5611 21
2754 5568 3046 5623 arreptaque
3082 5561 3342 5622 paridique
3383 5559 3426 5606 P
3467 5559 3577 5621 Uy„
3621 5566 3838 5621 areptam

589 5646 853 5708 Paridique
897 5644 1055 5710 Vm.⁴,
1096 5651 1348 5713 abreptam
1386 5647 1653 5710 Paridique
1691 5648 1831 5709 Par„
1872 5650 2074 5709 abrepta
2115 5648 2327 5710 (arrepta
2364 5649 2647 5707 Accurst'us)
2691 5648 2854 5697 Paridi
2894 5649 3160 5696 decursim
3199 5645 3366 5707 Luqd.
3646 5646 3838 5693 sublata

593 5731 637 5779 P
675 5732 789 5793 Uq„
829 5733 1072 5785 sublatam
1116 5736 1260 5790 Vm!

3318 5832 3425 5884 29*
