4630 6435
1725 458 1826 512 DE
1865 460 2291 515 HEREDIOLO
2333 463 2505 526 <XI1,:.
3662 468 3747 529 35

2089 838 2157 905 2.

1165 1010 1391 1091 Salve,
1448 1009 1877 1092 herediolum,
1931 1006 2240 1076 maiorum
2286 1033 2489 1095 regna
2533 1034 2846 1095 meorum,
3429 1035 3608 1097 (Edyll.
3652 1037 3741 1095 111)

1337 1114 1507 1197 quod
1552 1135 1861 1198 proavus,
1918 1115 2088 1198 quod
2133 1135 2323 1196 avus,
2380 1117 2550 1198 quod
2595 1124 2776 1202 pater
2822 1118 3134 1197 excoluit,

1165 1216 1337 1300 quod
1383 1216 1539 1281 mihi
1585 1218 1714 1282 iarn
1763 1218 1975 1282 senior
2018 1226 2363 1303 properata
2407 1227 2607 1285 morte
2654 1221 2946 1303 reliquit:

1339 1320 1504 1385 eheu
1550 1322 1881 1386 nolueram
1927 1329 2058 1387 tam
2106 1323 2227 1387 cito
2274 1342 2464 1407 posse
2510 1324 2671 1388 frui!

1031 1442 1057 1480 5
1162 1424 1337 1490 iusta
1381 1423 1645 1507 quidem
1693 1426 1896 1491 series
1940 1426 2110 1511 patri
2157 1426 2539 1508 succedere,
2595 1448 2816 1491 verum

1337 1548 1482 1593 esse
1529 1528 1718 1594 simul
1766 1528 2055 1594 dominos
2101 1530 2344 1612 gratior
2389 1529 2543 1595 ordo
2588 1530 2734 1615 piis.

1163 1652 1331 1696 nune
1376 1632 1559 1697 labor
1602 1638 1667 1697 et
1711 1652 1862 1697 eura
1907 1653 2053 1698 mea
2099 1639 2284 1698 sunt:
2338 1635 2477 1698 sola
2522 1641 2669 1699 ante
2716 1635 3013 1718 voluptas

1335 1735 1626 1819 partibus
1667 1735 1734 1799 in
1780 1736 2050 1814 nostriS,
2106 1743 2319 1802 cetera
2365 1738 2568 1821 patris
2614 1744 2847 1802 erant.

1163 1857 1430 1922 parvum
1476 1838 1908 1920 herediolum,
1962 1838 2201 1905 fateor:
2256 1847 2355 1905 set
2399 1841 2581 1905 nulla
2624 1840 2748 1905 fuit
2792 1859 2896 1905 res

999 1959 1055 2000 ιο
1337 1961 1540 2025 parva
1584 1962 1888 2024 umquam
1935 1942 2369 2025 aequanimis.
2424 1942 2592 2007 adde
2639 1944 2832 2008 etiam
2879 1943 3224 2008 unanimis.

1165 2064 1244 2109 ex
1290 2044 1502 2109 animo
1549 2066 1682 2109 rem
1730 2052 1900 2111 stare
1947 2067 2222 2129 aequum
2269 2053 2479 2131 puto„
2512 2068 2638 2112 non
2684 2048 2967 2112 animum
3014 2068 3095 2113 ex
3142 2068 3231 2112 re.

1338 2156 1566 2213 cuneta
1612 2150 1789 2233 cupit
1833 2149 2144 2230 Croesus,
2198 2150 2527 2233 Diogenes
2572 2150 2862 2215 nihilum.

1164 2252 1413 2335 spargit
1455 2253 1819 2337 Aristippus
1864 2252 2095 2317 mediis
2141 2253 2209 2317 in
2256 2254 2553 2337 Syrtibus
2599 2274 2857 2318 aurum:

1335 2375 1532 2420 aurea
1575 2375 1701 2420 non
1748 2357 1907 2420 satis
1954 2363 2052 2421 est
2098 2356 2309 2440 Lydia
2354 2363 2488 2421 tota
2532 2357 2767 2422 Midae.

995 2478 1055 2517 15
1163 2458 1262 2523 oui
1309 2459 1528 2523 nullus
1573 2459 1721 2523 finis
1767 2459 2099 2543 cupiendi,
2156 2467 2255 2525 est
2301 2460 2517 2525 nullus
2563 2460 2866 2526 habendi.

1334 2561 1450 2627 ille
1496 2562 1722 2646 opibus
1769 2562 1997 2628 modus
2043 2571 2173 2641 est,
2229 2583 2420 2646 quem
2469 2570 2717 2629 statuas
2764 2563 3000 2629 animo.

1163 2685 1382 2730 verum
1429 2686 1588 2749 ager
1630 2666 1754 2732 iste
1801 2686 1983 2731 meus
2029 2675 2306 2748 quantus
2354 2668 2465 2748 sit,
2521 2686 2738 2733 nosce:
2796 2668 2990 2733 etiam
3035 2689 3137 2734 me

1333 2770 1590 2835 noveris
1637 2777 1701 2835 et
1746 2770 1919 2835 noris
1965 2777 2028 2835 te
2074 2791 2367 2854 quoque,
2421 2771 2475 2835 si
2523 2771 2689 2855 potis
2737 2789 2827 2835 es.

1162 2892 1549 2956 quamquam
1597 2872 1862 2940 difficile
1908 2882 2008 2939 est
2052 2893 2123 2939 se
2167 2894 2464 2940 noscere:
2525 2873 2727 2938 Γνῶθι
2774 2872 3022 2939 σεαυτὸν

992 2993 1054 3034 20
1336 2997 1525 3059 quam
1573 2996 1843 3060 propere
1890 2977 2198 3060 legimuS,
2254 2984 2386 3042 tam
2434 2978 2558 3042 cito
2603 2978 3027 3062 neolegimus.

1161 3079 1302 3162 agli
1349 3079 1451 3144 bis
1496 3086 1750 3145 centum
1796 3080 1935 3145 eolo
1979 3080 2238 3164 iugera,
2293 3081 2486 3147 vinea
2533 3088 2785 3147 eentum

1333 3183 1663 3267 iugeribus
1711 3184 1940 3250 colitur
1983 3190 2296 3269 prataque
2345 3184 2633 3251 dimidio.

1164 3287 1330 3352 silva
1375 3307 1570 3371 supra
1617 3288 1918 3371 duplum,
1974 3310 2166 3373 quam
2213 3296 2400 3373 prata
2446 3296 2511 3355 et
2554 3289 2747 3355 vinea
2792 3297 2856 3356 et
2900 3309 3149 3354 arvum.

1336 3392 1540 3456 cultor
1584 3392 1724 3475 agri
1770 3392 1952 3458 nobis
1999 3413 2119 3458 nee
2168 3401 2462 3478 superest
2508 3414 2626 3459 nee
2672 3394 2878 3459 abest.

993 3512 1054 3553 25
1161 3495 1302 3560 fons
1349 3501 1607 3578 propter
1651 3502 2014 3579 puteusque
2061 3496 2312 3577 brevis,
2367 3504 2499 3562 tum
2547 3517 2748 3580 purus
2793 3505 2858 3563 et
2901 3497 3141 3561 amnis:

1334 3598 1601 3681 naviger
1644 3598 1751 3662 hie
1794 3597 2032 3664 refluus
2080 3619 2182 3664 me
2229 3599 2408 3664 vehit
2452 3620 2529 3664 ae
2573 3600 2839 3665 revehit.

1161 3701 1517 3766 conduntur
1563 3701 1806 3767 fructus
1851 3702 2179 3785 geminum
2225 3703 2386 3767 mihi
2431 3722 2685 3786 semper
2728 3703 2792 3767 in
2840 3723 3101 3767 annum.

1335 3805 1438 3869 oui
1483 3824 1610 3868 non
1655 3806 1853 3889 longa
1898 3825 2140 3889 penu8‚
2196 3806 2347 3870 huie
2391 3826 2644 3889 quoque
2691 3811 2988 3891 prompta
3033 3805 3263 3870 fameS.

1161 3908 1321 3973 haee
1367 3907 1526 3971 mihi
1570 3928 1690 3973 nee
1734 3910 1954 3992 procul
2002 3909 2157 3974 urbe
2205 3909 2331 3974 sita
2376 3915 2474 3975 est
2518 3929 2638 3974 nee
2683 3927 2943 3994 prorsus
2988 3908 3074 3974 ad
3120 3910 3373 3988 urbem,

991 4031 1051 4070 30
1333 4031 1414 4076 ne
1458 4011 1670 4095 patiar
1713 4012 1937 4076 turbas
1984 4019 2178 4095 utque
2222 4013 2409 4078 bonis
2455 4011 2684 4097 potiar.

1160 4121 1225 4180 et
1269 4115 1563 4198 quotiens
1610 4121 1859 4180 mutare
1903 4116 2113 4180 locum
2161 4116 2431 4182 fastidia
2477 4123 2743 4199 cogunt,

1333 4225 1587 4283 transeo
1635 4225 1700 4284 et
1744 4218 2012 4283 alternis
2058 4239 2206 4284 rure
2251 4221 2356 4285 vel
2404 4220 2561 4284 urbe
2607 4219 2799 4284 fruor.

659 4512 775 4562 ΧΠ.
822 4507 882 4562 2·
960 4511 981 4560 l
1025 4514 1170 4575 Verg.
1219 4514 1327 4563 Ecl.
1371 4515 1392 4560 1
1432 4513 1498 4561 69
1546 4527 1656 4561 mea
1703 4527 1856 4574 regna
1904 4514 2081 4562 videns
2366 4514 2425 4563 13
2463 4511 2583 4563 Hor.
2626 4515 2726 4564 Sat.
2772 4515 2820 4561 11
2858 4513 2908 4574 3,
2956 4513 3050 4561 100
3099 4514 3390 4575 Aristippus
3440 4515 3532 4574 qui
3580 4526 3747 4561 servos

493 4598 708 4658 proicere
745 4612 922 4646 aurum
964 4599 1016 4644 in
1055 4599 1218 4646 media
1252 4601 1405 4647 iussit
1442 4601 1597 4658 Libya
1824 4599 1883 4648 15
1921 4601 2038 4650 Hor.
2082 4601 2249 4661 Epist.
2291 4603 2313 4649 1
2357 4600 2436 4662 16,
2480 4600 2545 4649 65
2571 4615 2681 4662 sqq.
2919 4599 2976 4648 17
3018 4601 3134 4648 Hor.
3179 4600 3343 4662 Epist.
3388 4601 3410 4647 1
3453 4598 3532 4660 16,
3580 4599 3739 4661 lsqq.

495 4682 557 4731 25
593 4684 712 4732 Hor.
759 4685 923 4746 Epist.
967 4686 988 4731 1
1031 4684 1110 4745 16,
1157 4685 1218 4734 12
1239 4701 1346 4747 sq.;
1386 4686 1456 4745 cf.
1499 4687 1610 4734 Iuv.
1652 4688 1728 4734 111
1767 4686 1866 4735 226
2099 4687 2165 4735 26
2203 4688 2361 4735 Paull.
2407 4688 2526 4735 Pell.
2571 4702 2721 4735 carm.
2762 4687 2909 4734 euch.
2951 4686 3016 4734 45
3036 4701 3111 4747 sq.
3349 4685 3409 4734 31
3453 4687 3564 4734 Ter.
3606 4686 3740 4734 Eun.

491 4771 536 4816 V
573 4770 618 4828 5,
668 4769 825 4832 lsqq.
875 4769 983 4832 (971
1012 4774 1139 4833 sqq.)

659 5041 719 5095 2·
792 5046 1006 5106 Ausonii
1047 5046 1219 5094 villula
1254 5046 1419 5107 Luyd.
1458 5049 1599 5107 volyo
1830 5047 1850 5095 1
1892 5030 2170 5096 mediol-um
2220 5050 2261 5094 V
2297 5049 2332 5108 (l
2368 5046 2458 5109 m2)
2712 5048 2742 5096 3
2781 5048 2995 5110 reliquid
3044 5050 3098 5110 V,
3141 5047 3387 5107 relinquit
3422 5047 3581 5107 volyo,
3626 5047 3746 5094 reli-

490 5133 598 5192 quit
643 5131 787 5181 Vind.
831 5133 963 5179 3261
1012 5132 1118 5179 Toll
1384 5132 1413 5180 4
1452 5134 1581 5181 heeu
1631 5135 1683 5195 V,
1724 5134 1888 5183 heheu
1925 5135 2066 5196 volyo
2335 5132 2361 5180 7
2403 5149 2549 5183 curae
2584 5135 2871 5196 apoyrapha
2907 5136 3047 5196 υοιρο
3313 5132 3344 5180 9
3382 5132 3659 5180 erediolum
3708 5133 3751 5179 V

497 5217 554 5265 10
590 5223 744 5280 parui
778 5219 819 5264 V
1004 5218 1058 5266 11
1101 5225 1283 5266 restare
1320 5221 1360 5267 V
1387 5221 1526 5281 (corr.
1554 5217 1648 5280 m2)
1844 5218 1905 5268 12
1941 5221 2176 5268 chroesus
2203 5221 2648 5291 diogenisnihilum
2686 5222 2725 5268 V
2754 5223 2792 5282 (s
2820 5222 3036 5269 nihilum
3063 5223 3117 5268 in
3139 5234 3239 5267 ras.
3270 5216 3360 5280 vn2)
3553 5218 3611 5267 13
3650 5220 3743 5267 sir-

487 5305 618 5351 tibus
654 5304 697 5350 v
896 5303 955 5351 14
995 5304 1114 5353 nata
1148 5306 1189 5351 ν
1381 5305 1579 5353 mmm
1617 5307 1657 5353 ν
1680 5307 1716 5366 (i
1741 5307 1888 5366 ems.)
2109 5305 2167 5354 ιτ
2207 5294 2305 5354 ‘ste
2342 5308 2382 5354 ν
2411 5308 2441 5368 (i
2467 5304 2554 5367 πα)
2772 5311 2952 5369 quatus
2991 5308 3031 5354 ν
3235 5289 3633 5355 ηοεωιιιοιῑὲωο
3680 5307 3736 5367 v,

490 5396 543 5437 ut
576 5389 670 5438 del.
717 5389 880 5450 Luyd.
1136 5389 1197 5438 19
1233 5393 1372 5451 gnoti
1409 5382 1574 5439 sea'tc‘v
1623 5393 1663 5439 V
1900 5391 1966 5440 22
2002 5375 2218 5440 dimidiu
2264 5394 2303 5440 V
2337 5407 2456 5440 corr.
2506 5393 2617 5440 Toll
2868 5393 2934 5441 26
2973 5377 3176 5452 niiuiger
3220 5393 3260 5439 V
3500 5392 3565 5440 28
3602 5376 3743 5453 prdta

485 5477 627 5523 famis
675 5477 716 5523 V
956 5475 1021 5523 29
1058 5476 1183 5523 mihi
1221 5490 1318 5525 non
1355 5476 1519 5538 Luyd.
1561 5479 1701 5538 volyo
1946 5477 2005 5525 31
2049 5478 2224 5526 fatidit
2271 5479 2327 5537 V,
2368 5477 2569 5525 fastidia
2606 5479 2892 5540 apoyrapha
3120 5477 3183 5526 32
3224 5492 3337 5527 rure
3386 5480 3425 5526 V
3464 5479 3503 5539 (r
3539 5480 3630 5527 alt.
3669 5475 3743 5527 m²

491 5567 542 5611 in
573 5564 697 5625 ras.)

3252 5875 3327 5923 5.
