4630 6435
1169 390 1550 450 APPENDIX
1590 398 1680 460 (V.
1723 400 2083 456 MERVLAE
2123 404 2218 457 ΕΤ
2260 405 2583 462 VGOLETI
2620 410 3216 483 EP1GRAMMATA31.
3689 431 3812 491 '253

1237 582 1389 647 talis
1434 605 1641 668 eram,
1695 590 1813 655 sed
1857 610 1982 656 non
2027 593 2205 658 Maro
2253 616 2445 679 quam
2492 600 2647 665 mihi
2691 602 2876 671 finxit
2918 616 3056 674 erat
3100 632 3278 678 mens

1411 689 1547 754 vita
1589 711 1708 756 nec
1752 691 2012 760 incestis
2061 697 2241 763 laesa
2285 702 2711 786 cupidinibus,

1107 809 1132 847 5
1239 809 1516 872 namque
1561 814 1680 859 nec
1724 794 1980 863 Aeneas
2025 800 2189 866 vidit
2230 824 2332 869 me
2377 806 2607 873 Troius
2652 830 2933 896 unquam

1412 916 1529 962 nec
1577 899 1846 983 Lybiam
1893 902 2156 971 advenit
2200 907 2519 976 classibus
2564 913 2811 995 Iliacis,

1240 997 1356 1064 sed
1401 998 1603 1065 furias
1648 1001 1903 1087 fugiens
1948 1012 2139 1089 atque
2183 1030 2363 1077 arma
2406 1018 2691 1098 procacis
2737 1021 3015 1091 Hiarbae

1413 1105 1703 1187 servavi,
1758 1106 1996 1190 fateor,
2051 1120 2248 1179 morte
2295 1118 2699 1204 pudicitiam,

1239 1213 1491 1290 pectore
1535 1210 1841 1275 transfixo
1889 1221 2095 1293 casto,
2149 1220 2318 1300 quod
2363 1225 2635 1306 perculit
2678 1230 2886 1313 ensis,

1076 1322 1131 1365 ιο
1410 1330 1536 1376 non
1582 1311 1756 1378 furor
1798 1325 1910 1381 aut
1953 1317 2131 1384 laeso
2176 1324 2413 1389 crudus
2458 1348 2671 1396 amore
2718 1333 2918 1399 dolor.

1239 1412 1331 1477 sic
1375 1414 1684 1481 cecidisse
1728 1416 1940 1485 iuvat:
1992 1423 2126 1488 vixi
2170 1425 2310 1490 sine
2357 1432 2618 1498 vulnere
2666 1434 2907 1519 famae.

1411 1518 1546 1582 ulta
1592 1519 1793 1585 virum
1839 1524 2065 1608 positis
2111 1531 2445 1598 moenibus
2490 1539 2753 1621 oppetii.

1185 1683 1192 1692 ,
1237 1619 1461 1685 invida
1504 1642 1615 1686 cur
1657 1623 1724 1688 in
1768 1647 1871 1691 me
1916 1629 2258 1697 stimulasti
2302 1636 2491 1703 Musa
2535 1641 2895 1724 Maronem,

1410 1724 1681 1807 fingeret
1723 1735 1792 1794 ut
1835 1740 2089 1798 nostrae
2136 1735 2373 1804 damna
2416 1743 2808 1827 pudicitiae?

1074 1842 1132 1881 ιε,
1239 1837 1353 1880 vos
1400 1817 1608 1898 magis
1655 1829 2005 1917 historicis,
2060 1838 2358 1921 lectores,
2414 1847 2652 1913 credite
2698 1850 2778 1916 de
2825 1874 2927 1919 me

1412 1948 1603 2009 quam
1650 1934 1759 2017 qui
1803 1935 1973 2002 furta
2018 1941 2210 2008 deum
2256 1950 2753 2036 concubitusque
2800 1969 3036 2026 canunt

1239 2029 1518 2098 falsidici
1565 2044 1783 2120 vates,
1837 2046 2150 2111 temerant
2192 2048 2299 2129 qui
2346 2053 2626 2119 carmine
2672 2077 2887 2123 verum

1413 2135 1834 2223 humanisque
1880 2145 2035 2211 deos
2079 2150 2446 2220 assimilant
2488 2158 2680 2223 vitiis.

1294 2497 1410 2565 DE
1455 2500 2004 2574 MATRIMONIO
2050 2511 2596 2587 GRAMMATICI
2641 2524 3093 2597 INFAVSTO.

1012 2667 1130 2732 111.
1241 2670 1439 2736 Arma
1482 2673 1812 2760 virumque
1856 2677 2093 2747 docens
2139 2692 2333 2769 atque
2377 2710 2556 2758 arma
2598 2695 2932 2782 virumque
2977 2706 3218 2787 peritus
3724 2734 3816 2784 137

1414 2795 1540 2842 non
1587 2778 1744 2845 duxi
1786 2802 2083 2869 uxorem,
2138 2789 2253 2855 sed
2298 2796 2507 2878 magis
2553 2819 2733 2866 arma
2777 2801 3058 2872 domum.

1242 2897 1518 2962 namque
1563 2881 1704 2948 dies
1749 2891 1915 2952 totos
1959 2895 2251 2975 totasque
2295 2916 2377 2961 ex
2423 2900 2645 2968 ordine
2690 2912 2909 2972 noctes

1414 2983 1634 3050 litibus
1679 3000 2010 3076 oppugnat
2054 3015 2283 3080 meque
2330 3022 2668 3089 meumque
2713 3008 2913 3076 larem

1110 3104 1135 3143 ⁵
1239 3091 1432 3167 atque
1479 3095 1548 3153 ut
1592 3095 1923 3176 perpetuis
1968 3098 2188 3166 dotata
2230 3124 2271 3168 a
2315 3106 2517 3172 Marte
2564 3108 2801 3178 duellis

1413 3210 1592 3257 arma
1635 3194 1703 3260 in
1748 3217 1849 3263 me
1894 3200 2061 3269 tollit
2101 3226 2222 3271 nec
2264 3207 2455 3275 datur
2498 3213 2632 3280 ulla
2677 3217 2880 3300 quies.

1241 3291 1498 3375 iamque
1545 3304 1927 3383 repugnanti
1972 3305 2205 3374 dedam
2252 3332 2387 3393 me,
2443 3324 2513 3382 ut
2556 3317 2832 3403 denique
2879 3324 3037 3391 vitet

1414 3398 1625 3484 iurgia
1669 3405 1748 3468 ob
1796 3405 1916 3472 hoc
1959 3410 2204 3492 solum,
2257 3415 2469 3500 iurgia
2511 3422 2682 3503 quod
2725 3425 2995 3509 fugiam.

1787 3770 1902 3836 DE
1947 3775 2281 3844 HOMINE
2327 3783 2606 3851 PIGRO.

988 3931 1141 3996 IIII.
1245 3935 1454 4002 Sanus
1499 3939 1683 4024 piger
1725 3942 2038 4014 febriente
2084 3954 2280 4019 multo
2327 3963 2425 4022 est
2466 3961 2763 4043 nequior:

3727 3995 3744 4043 1
3791 3996 3818 4044 7

1244 4046 1424 4122 potat
1469 4042 1736 4128 duplum
1782 4046 2114 4136 dapesque
2160 4056 2452 4142 duplices
2498 4062 2782 4131 devorat.
3761 3996 3780 4044 ¹

754 4330 813 4380 10
852 4333 1000 4407 Verg.
1044 4331 1173 4385 Aen.
1215 4337 1260 4382 V
1299 4337 1328 4384 5
1366 4339 1479 4387 duri
1518 4356 1693 4403 magno
1730 4346 1820 4395 sed
1853 4363 2016 4398 amoro
2051 4352 2241 4402 dolores
2278 4358 2471 4418 polluto
2684 4362 2742 4412 12
2782 4366 2929 4428 Vcrg.
2975 4369 3104 4419 Aen.
3146 4372 3244 4418 1111
3282 4373 3380 4421 655
3401 4389 3473 4436 sq.
3520 4377 3623 4423 ulta
3661 4378 3820 4424 virum

624 4452 634 4463 .
674 4453 683 4463 .
729 4420 898 4466 urbem
937 4423 1234 4482 praeclaram
1272 4426 1443 4485 statui,
1486 4442 1596 4476 mea
1631 4432 1826 4480 moenia
1862 4436 1964 4484 vidi
2006 4438 2091 4499 (sic
2130 4439 2350 4505 Μινύαι,
2394 4445 2595 4508 Menay.
2635 4454 2748 4509 alt,
2790 4453 2973 4517 sprot.)

748 4505 844 4553 111.
919 4507 1074 4557 Anth.
1117 4509 1222 4559 Pal.
1263 4512 1415 4560 vl111
1458 4512 1554 4563 168
1595 4516 1753 4578 (Plan.
1798 4521 1821 4567 1
1865 4521 1940 4584 17,
1989 4523 2007 4573 l
2052 4521 2313 4591 Παλλαδᾶ)
2356 4526 2446 4588 Εἰς
2481 4533 2575 4601 τὴν
2614 4533 2796 4588 ἑαυτοῦ
2831 4545 3049 4607 γυναῖκα
3082 4533 3457 4616 Ἀνδρομάχηνε

1398 4593 1567 4667 Μῆνιν
1606 4600 1891 4674 οὐλομένην
1926 4610 2154 4679 γαμετὴν
2194 4610 2221 4663 ὁ
2256 4613 2414 4674 τάλας
2452 4617 2750 4689 γεγάμηκα,

1537 4686 1624 4738 καὶ
1659 4690 1797 4762 παρὰ
1831 4698 1924 4762 τῆς
1958 4695 2144 4767 τέχνης
2182 4700 2394 4769 μήνιδος
2432 4701 2731 4774 ἀρξάμενος.

1399 4773 1533 4840 ὤμοι
1571 4773 1672 4846 ἐγὼ
1709 4775 2019 4849 πολύμηνις,
2064 4783 2201 4856 ἔχων
2239 4787 2519 4861 διχόλωτον
2556 4791 2815 4865 ἀνάγκην,

1535 4860 1722 4932 τέχνης
1758 4875 2118 4939 γραμματικῆς
2153 4872 2241 4924 καὶ
2276 4883 2502 4946 γαμετῆς
2539 4879 2793 4952 μαχίμης.

749 4937 868 4986 1111.
948 4941 1085 4989 Stob.
1129 4943 1256 4992 Flor.
1300 4947 1443 4994 XXX
1486 4948 1513 4995 7
1555 4944 1852 5020 Μενάνδρου
1885 4947 2293 5026 Ἐπιτρεπόντων
2335 4965 2509 5024 (Mein.
2552 4969 2628 5018 Fr.
2673 4971 2809 5021 Coun.
2850 4975 2947 5021 1111
2995 4974 3086 5023 119
3126 4977 3261 5025 Men.
3300 4969 3493 5042 Ἐπιτρ.
3536 4978 3638 5037 11):

1400 5024 1579 5104 Ἀργὸς
1616 5031 1664 5085 δ’
1706 5035 1941 5104 ὑγιαίνων
1977 5047 2068 5095 τοῦ
2106 5045 2437 5115 πυρέττοντος
2474 5050 2604 5104 πολὺ

1332 5191 1336 5196 γ
1401 5118 1740 5192 ἀθλιώτερος,
1783 5123 2025 5182 διπλάσια
2059 5136 2178 5199 γοῦν
2219 5131 2375 5187 ἐσθίει
2414 5137 2599 5208 μα’την.

577 5194 641 5239 cf.
687 5195 822 5245 Men.
865 5198 999 5248 Mon.
1042 5201 1107 5250 34

751 5456 781 5503 4
818 5458 948 5505 laeta
995 5460 1137 5510 Vm.³
1169 5468 1328 5526 volyO,
1369 5470 1500 5517 laesa
1539 5472 1769 5521 Heinsius
2082 5483 2113 5529 9
2150 5489 2310 5530 castos
2358 5482 2517 5548 Ven.³‚
2561 5496 2728 5539 castus
2770 5491 2946 5552 (volyo)
2988 5494 3063 5540 vel
3100 5500 3291 5541 castum
3336 5494 3463 5555 Toll,
3507 5503 3639 5543 casto
3675 5509 3758 5556 eyo

578 5540 788 5600 pertulit
822 5558 968 5593 enses
1013 5547 1160 5597 Ven.⁴
1192 5566 1319 5601 corr.
1369 5555 1476 5603 Tou
1687 5560 1747 5610 10
1784 5564 1950 5613 laesus
1994 5564 2154 5626 Ven.³,
2196 5570 2354 5618 laesos
2401 5571 2485 5631 Uy.
2528 5590 2575 5632 a,
2619 5575 2752 5623 lacso
2791 5577 2900 5624 Par.
3122 5579 3182 5629 18
3219 5580 3515 5628 assimulant
3559 5580 3647 5639 Uy.
3689 5596 3721 5626 a

751 5630 845 5677 111.
921 5633 998 5680 De
1034 5635 1258 5687 infausto
1295 5648 1436 5691 matr.
1478 5659 1683 5705 gramm.
1733 5648 1823 5710 Uy.
1851 5654 1994 5713 volyo
2204 5655 2233 5703 4
2272 5668 2567 5719 oppugnant
2601 5661 2760 5718 ναι-Ἰ,
2801 5671 3057 5725 oppugnat
3104 5665 3187 5726 Uy.
3405 5666 3435 5713 5
3473 5667 3636 5714 dotata
3675 5673 3828 5714 'notre

589 5711 751 5776 Vm.³,
794 5717 959 5768 dotata
994 5737 1022 5768 a
1057 5730 1214 5772 marte
1261 5725 1407 5776 ναι*
1614 5733 1642 5781 7
1682 5737 1847 5785 uictus
1896 5737 2056 5800 Ven.³,
2101 5742 2295 5790 uictum
2339 5744 2428 5804 Uy.
2457 5749 2615 5810 volyo,
2658 5749 2784 5796 vitet
2822 5751 2993 5799 Harlel
3202 5752 3232 5801 8
3271 5756 3437 5813 iurget
3473 5752 3590 5801 Par.
3619 5755 3759 5814 volyo
