4630 6435
1131 423 1521 480 APPENDIX
1564 426 1651 489 (V.
1694 426 2062 482 MERVLAE
2099 427 2199 482 ΕΤ
2238 426 2564 484 VGOLETI
2601 427 3200 495 EPIGRAMMATA).
3668 434 3794 495 259

1853 789 1967 853 DE
2014 790 2481 856 PENELOPE.

866 959 1117 1023 XXIII.
1217 960 1605 1026 Intemerata
1649 961 1858 1046 procis
1904 967 1967 1026 et
2011 968 2104 1027 tot
2147 970 2403 1028 servata
2446 984 2562 1048 per
2606 983 2807 1028 annos
3704 983 3798 1032 135

1386 1065 1642 1143 oscula,
1696 1064 1805 1128 vix
1849 1064 1976 1148 ipsi
2022 1066 2280 1148 cognita
2328 1066 2742 1131 Telemacho,

1216 1167 1364 1231 hinc
1408 1188 1553 1232 mea
1599 1168 1934 1250 virginitas
1980 1168 2229 1233 facibus
2274 1169 2393 1233 tibi
2438 1169 2591 1233 lusit
2635 1169 2905 1234 adultis:

1387 1272 1544 1337 arsit
1588 1278 1652 1336 et
1694 1272 1760 1335 in
1807 1273 2003 1336 vidua
2048 1273 2337 1357 principe
2384 1292 2574 1337 verus
2619 1293 2818 1337 amor.

1082 1394 1107 1431 ³
1214 1392 1411 1458 saepe
1457 1394 1577 1457 ego
1622 1375 1905 1439 mentitis
1949 1376 2181 1440 tremui
2224 1395 2398 1439 nova
2443 1375 2686 1440 femina
2730 1375 2969 1440 somnis

1383 1478 1700 1561 lapsaque
1745 1499 1871 1542 non
1915 1479 2139 1543 merito
2186 1483 2334 1544 sunt
2376 1478 2532 1543 mihi
2578 1479 2776 1543 verba
2821 1498 2995 1544 sono.

1213 1586 1277 1645 et
1320 1587 1532 1645 tamen
1578 1581 1830 1663 ignotos
1877 1582 2051 1647 sensi
2096 1589 2470 1666 experrecta
2514 1581 2768 1647 dolores

1387 1692 1713 1767 strataque
1760 1686 2002 1750 tentavi
2049 1685 2222 1751 sicca
2267 1692 2543 1770 pavente
2590 1706 2805 1750 mauu.

1213 1807 1363 1851 nam
1408 1787 1527 1853 tibi
1570 1788 1903 1854 anhelanti
1949 1807 2375 1872 supremaque
2420 1789 2596 1853 bella
2640 1787 2918 1853 moventi

1049 1909 1107 1949 ιο
1386 1891 1599 1975 paruit
1641 1890 1991 1973 indulgens
2036 1898 2101 1957 et
2147 1892 2287 1956 sine
2336 1911 2492 1956 voce
2540 1890 2753 1972 dolor,

1214 1994 1406 2059 dente
1452 1994 1611 2058 nihil
1657 1995 1901 2059 violare
1947 1994 2115 2073 fer0,
2171 1994 2332 2058 nihil
2380 1995 2704 2076 unguibus
2751 2013 2982 2058 ausae:

1387 2096 1648 2162 foedera
1691 2118 1841 2161 nam
1887 2097 2084 2161 tacita
2129 2117 2291 2181 pace
2338 2098 2588 2181 peregit
2632 2117 2829 2161 amor.

1215 2200 1491 2284 denique
1537 2221 1663 2265 non
1708 2201 1922 2266 aviam
1967 2201 2238 2265 tremulo
2285 2201 2566 2265 clamore
2615 2202 2838 2265 vocavi

1385 2324 1503 2369 nec
1548 2303 1718 2388 prior
1762 2303 2068 2385 obsequio
2118 2322 2305 2368 serva
2352 2303 2626 2369 cucurrit
2670 2322 2853 2368 anus,

1050 2427 1107 2467 ιε
1213 2408 1358 2492 ipsa
1403 2407 1762 2472 verecundo
1807 2407 1990 2489 tetigi
2037 2407 2281 2489 pallore
2329 2407 2583 2490 puellas

1385 2511 1755 2596 impositum
1801 2510 2006 2576 teneri
2049 2511 2232 2575 fassa
2278 2508 2539 2594 pudoris
2588 2528 2774 2594 opus.

1601 2855 1714 2919 DE
1762 2854 2241 2919 FRATRIBVS
2288 2852 2746 2918 THEBANIS.
2836 2924 2843 2931 ,

835 3026 1111 3090 XXIIII.
1217 3028 1355 3091 Nec
1399 3026 1642 3109 Stygiis
1689 3027 1851 3091 lucis
1896 3026 2120 3090 ineunt
2164 3046 2281 3091 sua
2327 3025 2589 3091 foedera
2633 3023 2864 3089 fratres
3712 3045 3807 3095 139

1392 3127 1979 3214 Oedipodionidae‚
2034 3128 2113 3194 de
2159 3129 2391 3194 misero
2438 3128 2521 3193 ah
2567 3127 2809 3192 miseri.

1220 3254 1498 3315 namque
1545 3236 1739 3299 etiam
1787 3253 1868 3298 ex
1912 3254 2038 3298 uno
2084 3232 2236 3298 dum
2283 3240 2554 3316 surgunt
2597 3252 2838 3315 aggere
2883 3232 3215 3314 flammae,

1389 3337 1457 3401 in
1503 3337 1763 3402 diversa
1808 3336 1909 3400 sui
1957 3337 2285 3401 dissiliunt
2332 3337 2603 3401 cineres,

1088 3463 1113 3501 ⁵
1218 3439 1521 3505 infandos
1564 3440 1867 3519 iuvenes,
1922 3459 2081 3521 quos
2127 3460 2246 3505 uec
2291 3438 2614 3504 discordia
2659 3456 2878 3504 cassos

1392 3544 1534 3609 luce
1579 3563 1698 3608 nec
1740 3544 1808 3607 in
1856 3550 2060 3608 semet
2105 3543 2337 3624 linquit
2379 3548 2560 3606 atrox
2605 3541 2880 3605 animus.

1220 3654 1410 3728 atque
1456 3647 1698 3711 utinam
1746 3652 1810 3711 et
1856 3646 2115 3711 Thebas
2161 3646 2452 3729 quissent
2496 3644 2795 3729 partirier
2836 3644 3016 3728 ipsas

1392 3771 1731 3832 regnorum
1778 3756 1843 3814 et
1887 3757 2092 3814 metas
2138 3756 2208 3813 ut
2251 3748 2536 3813 cinerum
2580 3748 2876 3812 nebulas,

721 4065 943 4118 XXIIIL
1019 4065 1177 4114 Anth.
1223 4064 1326 4111 Pal.
1371 4064 1469 4110 VII
1510 4063 1614 4112 396
1658 4063 1816 4123 (Plan.
1859 4063 1937 4109 111
1979 4061 2059 4121 14,
2101 4060 2131 4108 2
2170 4055 2417 4129 Βιάνορος
2452 4054 2730 4119 Βιθυνοῦὶε

1380 4144 1652 4204 Οἰδίποδος
1689 4145 1885 4198 παίδων
1924 4143 2074 4214 Θήβη
2110 4144 2298 4214 τάφος·
2340 4141 2463 4195 ἀλλ’
2501 4141 2527 4194 ὁ
2566 4143 2808 4213 πανώλης

1513 4231 1707 4299 τύμβος
1746 4231 1821 4283 ἔτι
1858 4232 2059 4291 ζώντων
2099 4228 2395 4282 αἰσθάνεται
2432 4229 2689 4296 πολέμων.

1372 4317 1572 4375 ’κείνους
1610 4312 1721 4369 οὔτ’
1757 4312 1941 4384 Ἀίδης
1981 4316 2301 4384 ἐδαμάσσατο
2339 4314 2438 4383 κήν
2470 4310 2739 4386 Ἀχέροντι
2808 4323 2811 4330 “

1511 4404 1823 4472 μάρνανται,
1863 4401 2045 4454 κείνων
2083 4404 2164 4474 χώ
2201 4402 2363 4471 τάφος
2401 4399 2671 4459 ἀντίπαλος

1374 4491 1462 4542 καὶ
1500 4490 1619 4558 πυρὶ
1657 4494 1754 4561 πῦρ
1792 4489 2010 4559 ἤλεγξαν
2050 4488 2288 4541 ἐναντίον.
2366 4490 2409 4540 ὦ
2447 4486 2655 4539 ἐλεεινοὶ

1512 4576 1722 4638 παῖδες,
1764 4576 2062 4644 ἀκοιμήτων
2101 4574 2357 4644 ἁψάμενοι
2394 4572 2647 4642 δοράτωνῑ

549 4663 580 4712 2
620 4665 744 4713 Stat.
788 4665 942 4714 Theb.
986 4667 1008 4712 1
1046 4665 1145 4714 313
1183 4665 1610 4727 Oedipodionides
1650 4666 1745 4712 vll
1785 4664 1884 4714 216
1923 4664 2346 4724 Oedipodionidas
2622 4662 2652 4710 3
2691 4663 2818 4710 Stat.
2864 4662 3018 4711 Theb.
3061 4663 3160 4709 XII
3200 4662 3294 4710 431
3351 4664 3612 4710 exundant
3648 4665 3809 4712 diviso

551 4752 736 4798 vertice
773 4752 999 4799 flammae
1209 4751 1241 4798 4
1277 4750 1424 4798 ovid.
1467 4752 1620 4800 Trist.
1663 4752 1708 4798 V
1746 4751 1798 4813 5,
1838 4750 1903 4799 36
1941 4751 2188 4798 scinditur
2225 4751 2277 4797 in
2315 4755 2479 4811 partes
2517 4755 2624 4796 stra
2660 4749 2829 4795 favilla
2864 4749 2990 4795 duas
3219 4748 3248 4795 5
3286 4751 3433 4796 Ovid.
3476 4749 3626 4797 Trist.
3672 4751 3715 4795 V
3755 4751 3806 4802 5.

552 4837 616 4884 35
653 4838 764 4900 ipsa
808 4839 906 4885 sibi
951 4838 1138 4885 discors
1212 4836 1341 4888 Stat.
1384 4838 1543 4885 Theb.
1590 4838 1689 4885 XII
1729 4837 1829 4886 «148
1875 4840 1979 4896 rogi
2018 4837 2257 4885 discordis
2537 4835 2566 4882 8
2606 4834 2753 4882 Ovid.
2796 4835 2946 4882 Trist.
2986 4835 3033 4881 V
3072 4834 3119 4894 5,
3164 4834 3219 4883 31
3267 4848 3447 4882 sensus
3484 4835 3620 4882 inest
3654 4836 3808 4895 igitur

552 4925 753 4973 nebulis
790 4938 914 4986 quas
951 4925 1114 4984 exigit
1147 4925 1283 4984 ignis

720 5216 919 5267 XXIII.
996 5216 1364 5278 ‘fraymentum
1395 5221 1465 5263 est
1499 5221 1545 5263 et
1579 5218 1813 5278 reliquiae
1851 5219 1969 5264 iusti
2002 5211 2266 5276 poimatis‘
2315 5215 2449 5263 θοαὶ.
2505 5217 2625 5274 (sine
2661 5214 2807 5262 dubio
2844 5214 3099 5274 epistulae)
3381 5213 3411 5258 3
3449 5214 3584 5260 luxit
3626 5212 3809 5260 Canter-

548 5305 692 5364 volyo
915 5303 949 5352 4
984 5303 1176 5351 invidis
1219 5303 1309 5363 Uy.
1351 5305 1510 5362 cotye,
1551 5306 1603 5350 in
1642 5304 1794 5350 vidua
1830 5303 2068 5349 Ηεὲπείυε
2295 5302 2324 5349 5
2364 5302 2579 5349 foemIns
2614 5316 2647 5348 a
2876 5302 2902 5348 7
2941 5301 3109 5359 ignoto
3145 5315 3176 5346 a
3402 5303 3668 5360 experecta
3715 5299 3802 5358 Uy.

557 5388 618 5437 10
655 5388 793 5438 dolor
827 5395 1115 5450 comptum
1149 5389 1341 5436 videtur
1551 5389 1606 5437 11
1650 5390 1722 5436 nil
1759 5389 2016 5449 unguibus
2051 5403 2082 5434 a
2296 5386 2356 5434 15
2396 5389 2503 5448 ipse
2540 5402 2571 5433 a

722 5476 946 5524 XXIIII.
1022 5475 1051 5524 3
1089 5482 1353 5535 surgentes
1401 5474 1512 5534 09„
1553 5476 1673 5523 dum
1711 5482 1925 5534 surgunt
1961 5477 2156 5534 sev-ipsu
2199 5488 2311 5520 ecee
2346 5487 2438 5533 pro
2477 5475 2628 5521 etiam
2665 5473 2836 5532 Pa’per
2880 5475 3084 5532 (servato
3121 5471 3400 5533 surgentes)
3622 5471 3652 5519 4
3692 5486 3805 5518 suos

552 5560 790 5610 disiciunt
828 5562 1002 5610 Hau-tel
1043 5564 1248 5624 (servato
1282 5561 1563 5622 surgentes)
1777 5563 1961 5609 ciueris
1999 5559 2165 5622 Luyd.
2205 5561 2349 5619 volyo
2558 5559 2588 5607 8
2630 5565 2793 5607 metus
2838 5559 2952 5619 U9.‚
2994 5566 3154 5607 metas
3201 5556 3343 5607 Vens*

3280 5837 3343 5881 33
3360 5833 3387 5862 ‘
