4630 6435
759 449 877 511 106
2223 444 2531 500 AVSONlI

1423 643 1487 701 et
1531 636 1843 702 Pittacum
1891 634 2136 701 dixisse
2183 634 2358 700 fama
2404 642 2503 701 est
2551 635 2889 701 Lesbium:

1256 762 1315 800 60
1426 739 1724 826 Γίγνωσκε
1769 736 1999 826 καιρόν.
2096 747 2349 824 tempus
2395 748 2466 805 ut
2507 740 2716 822 noris,
2768 739 2968 805 iubet.

1424 852 1523 909 set
1566 841 1773 930 καιρὸς
1818 844 1940 909 iste
1985 845 2437 927 tempestivum
2484 851 2738 927 tempus
2783 850 2903 908 est.
3436 865 3493 905 ιο

1426 947 1574 1011 Bias
1620 947 1927 1012 Prieneus
1973 946 2167 1011 dixit:
2220 945 2294 1010 Oi
2341 950 2606 1011 πλεῖστοι
2651 946 2853 1027 κακοί,

1422 1051 1595 1132 quod
1642 1058 1741 1115 est
1785 1049 2121 1115 Latinum:
2179 1051 2406 1115 Plures
2451 1051 2778 1116 hominum
2828 1057 2974 1114 sunt
3020 1050 3199 1114 mali.

1424 1162 1524 1218 set
1565 1155 1874 1238 inperitos
1922 1154 2113 1235 scit0,
2167 1174 2327 1237 quos
2375 1154 2534 1219 dixit
2580 1156 2806 1219 malos

1257 1278 1318 1316 or,
1432 1256 1669 1342 Μελέτη
1717 1253 1783 1322 τὸ
1829 1263 1945 1323 πᾶν
1994 1266 2092 1322 est
2135 1258 2472 1322 Periandri
2520 1258 2865 1335 Corinthii,

1426 1361 1823 1427 meditationi
1867 1361 2084 1425 inesse
2130 1368 2328 1427 totum
2376 1362 2487 1443 qui
2532 1368 2734 1446 putat.
3437 1385 3494 1425 ιε»

1411 1458 1679 1550 Ἄριστον
1729 1466 1936 1550 μέτρον
1985 1484 2128 1529 esse
2177 1464 2342 1529 dixit
2387 1464 2658 1529 Lindius

1427 1568 1809 1649 Cleobulus,
1864 1567 1986 1633 hoc
2031 1576 2158 1633 est:
2218 1568 2513 1652 Optimus
2560 1568 2807 1633 cunctis
2853 1569 3104 1634 moduS.

1428 1669 1669 1734 Thales
1717 1670 1877 1755 (set)
1921 1666 2182 1755 Ἐγγύα·
2231 1666 2398 1756 παρὰ
2446 1666 2503 1734 δ’
2562 1665 2676 1735 ἄτα
2722 1671 3017 1756 protulit,

1262 1792 1319 1833 τυ
1430 1772 1743 1856 spondere
1789 1773 1897 1855 qui
1940 1794 2091 1851 nos,
2143 1794 2315 1838 noxa
2360 1772 2509 1857 quia
2556 1781 2813 1857 praesto
2860 1781 2990 1855 est,
3045 1782 3240 1840 vetat.

1430 1876 1547 1941 hoc
1590 1897 1707 1941 nos
1754 1897 2012 1942 monere
2059 1876 2408 1942 faeneratis
2453 1898 2581 1942 non
2625 1879 2859 1963 placet.
3436 1898 3495 1937 20

1430 1980 1596 2044 dixi:
1653 1980 1985 2045 recedam:
2042 1981 2274 2063 legifer
2317 1982 2496 2046 venit
2540 1982 2757 2047 Solon.

2235 2256 2541 2322 SOLON.

1429 2409 1526 2475 De
1573 2432 1749 2477 more
1796 2411 2041 2477 Graeco
2086 2410 2325 2497 prodeo
2370 2411 2435 2476 in
2482 2431 2779 2476 scaenam
2830 2412 3054 2493 Solon,
3766 2435 3873 2496 (1111
3921 2433 4020 2483 302

1431 2523 1674 2601 septem
1723 2516 2080 2600 sapientum
2129 2514 2305 2580 fama
2352 2515 2454 2580 cui
2500 2516 2781 2600 palmam
2829 2515 3029 2580 dedit.

1263 2638 1323 2677 τε,
1431 2625 1532 2684 set
1575 2618 1750 2683 fama
1794 2639 1920 2683 non
1966 2610 2066 2683 es‘t
2109 2617 2332 2683 iudicii
2381 2620 2722 2684 severitas:

1433 2740 1640 2802 neque
1688 2741 1788 2786 me
1835 2740 1978 2785 esse
2026 2721 2297 2805 primum
2348 2722 2527 2807 <nec>
2577 2743 2728 2787 vero
2772 2721 2968 2786 imum
3018 2722 3346 2801 existimO,

1431 2823 1791 2907 aequalitas
1837 2822 2008 2906 quod
2052 2824 2340 2890 ordinem
2391 2825 2596 2889 nescit
2641 2825 2798 2910 pati.
3476 2847 3500 2884 5

1431 2934 1602 2993 recte
1648 2927 1798 2992 olim
1845 2927 2130 3012 ineptum
2178 2928 2534 3012 Delphicus
2581 2928 2785 2992 suasit
2831 2927 2992 2993 deus

1434 3038 1872 3115 quaerentem,
1929 3032 2219 3115 quisnam
2268 3031 2514 3115 primus
2563 3033 2925 3116 sapientum
2974 3033 3161 3111 foret,

1266 3156 1325 3195 so
1436 3143 1505 3202 ut
1547 3136 1612 3200 in
1660 3137 1814 3201 orbe
1859 3135 2045 3201 tereti
2090 3136 2350 3200 nomina
2396 3142 2569 3200 serta
2613 3135 2960 3219 incideret,

1434 3260 1515 3305 ne
1559 3240 1802 3324 primus
1848 3247 2053 3320 esset,
2106 3260 2187 3304 ne
2234 3240 2339 3304 vel
2381 3240 2550 3304 imus
2597 3239 2941 3324 quispiam.

1436 3363 1650 3407 eorum
1700 3363 1734 3407 e
1780 3341 1991 3407 medio
2037 3341 2278 3427 prodeo
2323 3363 2484 3425 gyro
2530 3343 2759 3424 Solon,
3450 3366 3504 3404 ιο
3598 3372 3600 3376 ’

1437 3454 1507 3511 ut
1549 3446 1717 3529 quod
1765 3446 2008 3510 dixisse
2056 3445 2291 3509 Croeso
2340 3445 2476 3528 regi
2522 3446 2886 3529 existimor,

1437 3550 1501 3615 id
1549 3551 1752 3615 omnis
1800 3550 2124 3614 hominum
2171 3555 2350 3614 secta
2395 3550 2516 3614 sibi
2563 3549 2800 3614 dictum
2850 3556 3053 3634 putet.

1270 3675 1330 3714 8⁵
1441 3654 1687 3719 Graece
1734 3661 2023 3718 coactum
2077 3655 2258 3735 [est]:
2309 3644 2466 3739 Ὅρα
2512 3654 2680 3724 τέλος
2728 3658 2959 3738 μακροῦ
3007 3654 3176 3739 βίους

1440 3757 1611 3840 quod
1655 3757 1913 3840 longius
1957 3756 2059 3838 fit,
2115 3757 2170 3821 si
2216 3757 2446 3822 Latine
2493 3756 2845 3822 edisseras:

1442 3860 1746 3943 Spectare
1794 3861 1964 3925 vitae
2009 3860 2198 3925 iubeo
2244 3867 2508 3925 cunctos
2554 3859 2917 3925 terminum.
3454 3881 3511 3919 ιε,

1441 3962 1706 4047 proinde
1753 3963 2019 4027 miseros
2065 3969 2190 4055 aut!
2222 3964 2445 4027 beatos
2493 3963 2706 4027 dicere

947 4209 1013 4256 59
1052 4179 1294 4269 picttacum
1332 4208 1370 4253 V
1397 4208 1440 4266 (c
1463 4221 1502 4256 s.
1534 4224 1581 4254 v.
1611 4204 1700 4266 m2)
1917 4207 2047 4254 fami
2072 4206 2118 4252 P
2326 4206 2391 4255 60
2430 4207 2656 4266 gisnosce
2686 4208 2730 4268 (c
2754 4221 2811 4254 ez
2837 4222 2859 4254 s
2882 4204 2972 4268 m2)
2998 4221 3143 4254 ceron
3182 4208 3239 4269 V,
3268 4209 3553 4267 giguoscere
3577 4222 3726 4271 ceron
3751 4208 3811 4268 P,
3852 4205 4041 4276 γνώθει

772 4298 953 4361 καῖρον
992 4296 1038 4358 h,
1078 4310 1256 4364 καιρον
1293 4290 1453 4362 γνῶθι
1495 4292 1585 4354 Uy.
1800 4293 1904 4340 nori
1954 4293 1993 4339 V
2200 4292 2261 4341 61
2304 4294 2389 4341 sed
2428 4292 2496 4340 Ph
2534 4293 2622 4353 Ua.
2839 4308 3005 4341 caeros
3043 4294 3095 4355 V,
3138 4307 3272 4342 caros
3301 4293 3346 4338 P
3550 4279 3902 4356 tempestiund
3937 4296 3980 4342 V

774 4388 853 4430 est
888 4387 1088 4443 tempus
1133 4381 1222 4441 Uy.
1471 4379 1535 4428 62
1573 4381 1779 4441 prienus
1827 4380 1881 4442 V,
1922 4381 2129 4440 prineus
2169 4380 2214 4428 P
2454 4382 2846 4441 oeplistoecacoe
2893 4381 2931 4427 V
2974 4380 3151 4440 (·coae)
3196 4380 3242 4426 P
3482 4379 3546 4430 63
3588 4380 3816 4429 homines
3854 4382 4035 4442 Delph.

771 4467 837 4516 64
873 4475 952 4516 set
995 4468 1035 4514 V
1069 4468 1118 4528 (d
1142 4464 1256 4528 m2),
1298 4466 1384 4514 sed
1420 4470 1510 4513 cet.
1725 4466 1984 4526 imperitos
2022 4465 2092 4512 Ph
2124 4465 2212 4528 Uy.
2434 4466 2499 4516 65
2537 4466 2789 4529 periandri
2826 4472 2906 4513 est
2939 4465 3081 4513 codd.
3111 4480 3233 4514 corr.
3265 4480 3371 4526 eqo,
3415 4467 3673 4515 Periandri
3711 4468 3799 4515 hoc
3843 4468 4041 4527 (rectius

770 4555 838 4613 id)
881 4561 961 4602 est
998 4552 1208 4600 Martem
1417 4553 1482 4601 66
1519 4551 1892 4600 meditationem
1931 4565 2041 4600 esse
2077 4551 2242 4614 codd„
2283 4552 2600 4600 meditationi
2637 4553 2806 4600 inesse
2840 4566 2925 4612 eqo
2972 4551 3055 4612 (cf.
3098 4551 3236 4613 216),
3280 4566 3390 4600 esse
3427 4554 3806 4601 meditationem
3845 4555 4037 4601 Accur-

771 4642 890 4701 sius,
934 4639 1273 4687 meditationis
1310 4652 1422 4686 esse
1448 4639 1696 4699 Heinsius,
1740 4638 2118 4686 meditationem
2156 4652 2298 4700 posse
2326 4631 2513 4698 Perper,
2558 4638 2934 4685 meditationem
2972 4639 3016 4686 is
3053 4652 3163 4687 esse
3194 4638 3405 4687 Mei-lens
3617 4639 3681 4688 67
3720 4639 3845 4687 dicit
3869 4639 4035 4696 codd„

772 4726 902 4772 dixit
937 4726 1070 4774 Scal.
1284 4724 1439 4771 lidius
1476 4725 1530 4783 V,
1570 4723 1767 4782 lycdius
1807 4723 1862 4786 P,
1905 4724 2101 4784 lyqdius
2137 4725 2182 4785 h,
2228 4725 2441 4772 Lindius
2486 4724 2574 4783 Uy.
2791 4723 2856 4772 68
2893 4724 3144 4772 cleobolus
3192 4725 3277 4785 Vk,
3320 4726 3588 4773 cleoboilus
3627 4724 3672 4771 P
3702 4739 3826 4774 corr.
3876 4725 3965 4785 Uy.

774 4814 991 4860 obtimus
1027 4814 1068 4860 V
1092 4813 1229 4875 (corr.
1261 4809 1353 4871 παῖ’)
1533 4808 1598 4858 69
1624 4798 1812 4857 tah²les
1848 4812 1888 4857 V
1912 4811 2052 4868 (corr.
2082 4808 2172 4871 ηιῖ)
2354 4817 2433 4858 set
2468 4810 2586 4859 add.
2613 4811 2786 4870 Peipee
2959 4825 3147 4871 engyea
3182 4809 3268 4857 VP
3440 4811 3622 4858 Thales
3652 4808 3805 4878 ἐγγύα
3830 4809 4040 4879 πάρεστι

776 4897 827 4948 δ’
853 4896 952 4968 ἄτη
978 4900 1111 4949 Scal.
1142 4901 1286 4960 volyo
1496 4897 1560 4945 70
1597 4898 1715 4958 quia
1751 4897 1803 4956 V,
1836 4912 1933 4958 que
1959 4898 2017 4958 P,
2048 4898 2177 4958 quod
2205 4899 2232 4944 h
2266 4897 2356 4957 Uy.
2386 4899 2528 4958 volyo
2703 4902 2901 4959 presest
2932 4898 2988 4960 V,
3018 4904 3213 4959 praesto
3239 4902 3318 4944 est
3341 4903 3454 4956 cet„
3484 4904 3707 4958 praesest
3732 4896 3867 4946 θοαὶ.
3895 4899 4040 4956 volyo

779 4985 837 5033 71
882 4986 1130 5034 funeratis
1164 4987 1215 5047 V,
1258 4986 1499 5033 fenoratis
1528 4983 1584 5045 P,
1629 4985 1899 5038 faeneratis
1924 4984 1951 5029 h
1987 4984 2074 5044 Uy.
2291 4984 2355 5033 72
2393 4984 2568 5032 dixere
2605 4984 2806 5045 quidam
2845 4983 2985 5032 codd.
3027 4998 3149 5033 corr.
3194 4985 3326 5033 θοαὶ.
3543 4985 3758 5043 legisset
3793 4985 3833 5031 V
3873 4985 3967 5044 (iss
3988 4987 4042 5032 in

773 5071 897 5132 ras.)
1113 5072 1177 5121 73
1217 5067 1302 5136 de]
1339 5085 1366 5119 e
1404 5072 1450 5119 P
1655 5083 1831 5118 scaena
1865 5069 1917 5129 V,
1960 5083 2157 5117 scenam
2186 5069 2231 5117 P
2437 5073 2572 5118 salon
2602 5070 2645 5115 P
2852 5067 2916 5117 75
2955 5069 3042 5117 sed
3083 5068 3151 5116 Ph
3187 5069 3276 5129 Uy.
3493 5069 3557 5119 76
3595 5084 3772 5117 uerum
3804 5069 4044 5127 (vestrum

783 5158 894 5217 Uq.)
926 5172 1083 5205 unum
1112 5157 1275 5217 codd„
1319 5170 1412 5204 nec
1449 5170 1563 5204 vero
1599 5157 1760 5202 imum
1798 5169 1902 5215 ⁶90,
1944 5169 2038 5203 nec
2063 5155 2139 5203 vel
2165 5158 2327 5203 imum
2352 5156 2547 5214 Hartel,
2588 5170 2760 5203 verum
2785 5156 2961 5203 horum
2998 5169 3159 5203 unum
3188 5154 3481 5214 Mommsen,
3524 5162 3745 5204 vestrum
3771 5158 4044 5203 antimum

778 5245 934 5306 Βασὰ,
964 5245 1142 5292 horum
1167 5257 1260 5291 nec
1284 5244 1444 5290 imum
1473 5243 1578 5290 Tou
1601 5243 1743 5302 volyo
1955 5241 2018 5289 77
2058 5242 2380 5303 Aaequalitas
2418 5243 2456 5289 V
2656 5240 2721 5290 78
2757 5241 2908 5289 holim
2943 5242 2982 5286 V
3009 5242 3055 5303 (h
3083 5240 3176 5290 del.
3206 5238 3300 5303 m2)
3502 5241 3710 5290 deificus
3740 5241 3784 5287 P
3974 5243 4049 5288 ait

778 5328 945 5391 codd.,
966 5330 1119 5376 iussit
1138 5327 1269 5376 Scal.
1300 5331 1459 5389 volqo,
1492 5329 1651 5376 suasit
1676 5342 1762 5388 eyo
1785 5327 2067 5385 Heinsium,
2091 5330 2176 5388 qui
2202 5328 2377 5389 inepto
2405 5364 2416 5377 .
2452 5363 2464 5376 .
2499 5364 2509 5375 .
2543 5328 2703 5375 suasit
2731 5365 2741 5376 .
2775 5364 2787 5375 .
2822 5365 2831 5376 .
2865 5329 3124 5388 quaerenti
3151 5331 3439 5387 coniecerat,
3463 5333 3657 5376 secutus
3867 5327 3932 5375 79
3968 5342 4051 5375 sa-

779 5417 1032 5477 pientium
1069 5415 1097 5461 h
1364 5417 1516 5464 sors&
1561 5415 1602 5461 V
1864 5412 1928 5461 80
1982 5397 2188 5461 nominsi
2225 5419 2415 5462 sertum
2464 5414 2521 5472 V,
2564 5415 2786 5462 nomium
2824 5418 3014 5462 sertum
3050 5413 3141 5474 Ph,
3183 5428 3363 5463 nomen
3401 5415 3644 5462 insertum
3691 5414 3803 5474 Uy„
3846 5417 4047 5462 nomina

777 5517 949 5551 eorum
989 5502 1121 5550 Scal.
1163 5505 1326 5565 volyo,
1366 5503 1567 5550 nomina
1605 5506 1737 5549 serta
1772 5514 1858 5560 τρο
2070 5501 2135 5550 82
2184 5501 2354 5562 prodio
2395 5501 2440 5549 P
2644 5502 2742 5549 ciro
2790 5501 2843 5561 V,
2884 5503 2990 5560 giro
3028 5501 3073 5547 P
3278 5499 3341 5549 83
3391 5501 3573 5550 disisse
3619 5502 3662 5548 V
3698 5503 3841 5562 (corr.
3879 5499 3973 5561 m2)

776 5579 976 5639 crhoes⁰
1023 5589 1061 5634 V
1098 5589 1144 5650 (o
1180 5585 1295 5651 m2),
1336 5588 1512 5647 chryso
1549 5587 1606 5651 P,
1648 5588 1852 5648 chroeso
1892 5587 1920 5633 h
2129 5587 2195 5636 84
2232 5588 2292 5635 ad
2332 5592 2386 5635 os
2427 5586 2472 5634 P
2686 5601 2859 5635 omnes
2897 5588 2925 5634 h
3146 5587 3211 5636 85
3248 5593 3472 5635 coactum
3511 5595 3588 5635 est
3624 5587 3787 5648 codd„
3828 5594 3908 5635 est
3943 5587 4043 5636 del.

775 5678 904 5725 θοαὶ.
1107 5677 1348 5724 telosinat
1372 5674 1417 5720 P
1441 5678 1546 5734 (eet.
1578 5677 1719 5734 om.),
1760 5671 1905 5730 τελος
1931 5689 2051 5739 οραν
2086 5673 2175 5733 [19.
2380 5676 2576 5722 machro
2609 5674 2652 5721 V
2846 5673 2911 5722 86
2950 5676 3152 5722 dixeras
3189 5675 3241 5730 V,
3287 5674 3504 5721 disseras
3535 5674 3579 5720 P
3785 5673 3850 5723 8⁶3
3886 5674 4049 5722 dicier

773 5762 942 5824 codd,
980 5763 1145 5809 dicere
1184 5760 1315 5809 Scnl.
