4630 6435
751 382 784 441 7
797 385 829 442 4
2230 376 2537 431 AVSONII

2127 638 2192 703 9.
2238 636 2633 702 NESTORI.

1424 792 1563 856 Hoc
1607 799 1790 875 tegor
1832 792 1897 857 in
1944 792 2226 873 tumu10,
2280 791 2491 873 quarti
2537 791 2663 856 iam
2710 791 3019 876 prodigus
3064 790 3242 871 aevi,
3704 810 3802 859 225
3846 812 4005 871 (vm)

1597 896 1854 969 Nestor,
1910 894 2176 960 oonsilio
2222 894 2435 959 clarus
2482 901 2545 959 et
2592 893 2862 976 eloquio,

1425 997 1656 1063 obiecit
1700 1016 1844 1063 sese
1891 998 2072 1064 euius
2117 1017 2232 1082 pro
2278 1004 2479 1062 morte
2524 1003 2892 1081 peremptus

1597 1102 1772 1167 filius
1818 1109 1881 1168 et
1925 1103 2059 1168 nati
2104 1103 2368 1168 vulnere
2414 1102 2560 1167 vivo
2605 1109 2809 1186 pater.

1292 1226 1317 1265 5
1425 1206 1589 1270 eheu
1638 1225 1750 1270 eur
1793 1204 1946 1271 fatis
1992 1206 2335 1291 disponere
2385 1206 2476 1271 sie
2522 1206 2735 1290 placet
2777 1225 3036 1282 aevum,

1597 1316 1727 1374 tam
1776 1310 2038 1392 longum
2084 1317 2155 1375 ut
2198 1309 2416 1388 nobis,
2472 1316 2602 1374 tam
2649 1310 2841 1374 breve
2888 1313 2957 1373 ut
3002 1306 3382 1371 Antiloolm?

2120 1550 2228 1615 10.
2285 1549 2650 1614 PYRRHO.

1430 1706 1598 1769 Orbe
1644 1713 1825 1787 tegor
1867 1704 2114 1784 medio,
2170 1704 2373 1770 maior
2415 1703 2646 1769 virtute
2693 1711 2997 1788 paterna,
3678 1722 3779 1772 226
3821 1723 4003 1783 (vult)

1602 1808 1777 1890 quod
1822 1830 1981 1893 puer
2027 1830 2105 1874 en
2154 1809 2325 1893 regis
2369 1808 2653 1892 Pyrrhus
2699 1807 2917 1891 opima
2960 1807 3099 1871 tuli.

1429 1913 1668 1997 impius
1713 1919 1861 1978 ante
1907 1933 2057 1978 aras
2101 1933 2290 1995 quem
2337 1911 2566 1976 fraude
2612 1910 2883 1995 peremit
2928 1909 3217 1975 Orestes:

1601 2016 1752 2098 quid
1800 2015 2060 2093 mirum,
2118 2035 2310 2080 caesa
2354 2014 2483 2079 iam
2530 2013 2859 2096 genetrice
2907 2012 3150 2077 furens,

2092 2251 2200 2323 11.
2255 2254 2678 2320 EVRYALO.

1432 2412 1570 2476 Nec
1613 2433 1714 2478 me
1759 2432 1884 2478 non
1931 2410 2196 2495 dignum
2242 2410 2426 2477 titulo
2472 2410 2817 2475 Pleuronia
2865 2408 3093 2489 credit,
3781 2426 3878 2476 22ῖ
3925 2427 4006 2488 (x)

1604 2514 1707 2581 oui
1753 2515 2106 2580 eommunis
2151 2521 2288 2579 erat
2334 2535 2478 2579 eum
2527 2513 2842 2580 Diomede
2890 2512 3116 2577 domus

1429 2626 1493 2682 et
1536 2618 1874 2699 Sthenelo,
1931 2618 2306 2702 Euryalum.
2404 2638 2553 2681 nam
2601 2616 2828 2682 tertius
2874 2616 2994 2681 hoc
3039 2635 3160 2699 ego
3207 2635 3475 2697 regnum

1604 2720 1889 2805 possedi,
1945 2721 2026 2786 de
2072 2741 2196 2804 quo
2241 2740 2407 2785 nune
2452 2720 2610 2785 satis
2656 2728 2755 2784 est
2797 2720 3104 2783 tumulus,

2153 2961 2262 3027 12.
2311 2961 2626 3027 GVNEO.

1430 3118 1660 3182 Gunea
1704 3124 1936 3201 pontus
1983 3117 2209 3197 habet,
2266 3117 2548 3181 tumulus
2596 3116 2735 3181 sine
2781 3135 3045 3200 corpore
3091 3135 3343 3180 nomen.
3764 3133 3863 3182 228
3907 3134 4011 3195 (xl)

1599 3223 1775 3286 fama
1820 3222 2111 3286 homines
2155 3221 2357 3302 inter,
2413 3221 2660 3286 eaelum
2708 3219 2960 3285 animus
3007 3219 3258 3302 repetit.

1429 3331 1657 3390 cuneta
1703 3325 2024 3390 elementa
2068 3324 2215 3389 duci
2262 3331 2437 3388 tanto
2483 3342 2818 3388 commune
2867 3324 3252 3406 sepulerum.

1603 3434 1811 3511 quae?
1855 3428 2106 3493 eaelum
2153 3434 2218 3493 et
2259 3427 2453 3492 tellus
2501 3434 2565 3491 et
2611 3446 2788 3490 mare
2836 3432 2899 3491 et
2945 3446 3057 3490 ora
3101 3425 3328 3489 virum.

2027 3667 2141 3734 13.
2183 3668 2740 3735 PROTESILAO.

1429 3823 1653 3888 Fatale
1699 3823 2087 3906 adscriptum
2134 3844 2364 3888 nomen
2409 3822 2567 3887 mihi
2614 3820 2990 3886 Protesilao.
3732 3839 3831 3889 229
3871 3841 4007 3900 (xu)

1600 3946 1746 3990 nam
1794 3926 2036 4009 primus
2080 3926 2379 3991 Danaum
2424 3926 2597 3991 bello
2643 3924 2773 3989 obii
2823 3924 3136 4007 Phrygio,

932 4168 992 4222 9.
1067 4172 1204 4234 Pepl.
1254 4172 1329 4220 10.
1372 4166 1489 4221 Ἐπὶ
1527 4165 1802 4235 Νέστορος,
1840 4165 2080 4236 κειμένου
2119 4165 2171 4217 ἐν
2211 4163 2399 4238 Πύλῳ;

1590 4250 1826 4322 Νέστορα
1860 4254 1948 4305 τὸν
1986 4250 2191 4306 Πυλίων
2228 4252 2462 4323 ἡγήτορα
2495 4251 2588 4322 ἥδε
2626 4252 2845 4306 θανόντα

1723 4345 1788 4410 γῆ
1824 4338 2036 4411 κατέχει
2075 4337 2236 4410 βουλῇ
2271 4339 2516 4410 φέρτατον
2553 4335 2787 4408 ἡμιθέων
2831 4341 2912 4403 (cf.
2958 4355 3001 4389 c.
3044 4338 3116 4400 9).

773 4429 788 4476 l
837 4431 952 4478 Hor.
997 4429 1160 4478 Germ.
1203 4430 1226 4476 1
1268 4427 1348 4488 12,
1391 4427 1452 4476 37
1482 4443 1556 4489 sq.
1599 4429 1896 4488 animaeque
1934 4441 2140 4488 magnae
2177 4429 2443 4489 prodigum

935 4511 1033 4566 1⁰.
1107 4514 1136 4562 3
1165 4531 1240 4576 sq.
1280 4515 1430 4575 Verg.
1474 4515 1604 4565 Aen.
1644 4516 1719 4562 111
1759 4514 1852 4563 331
1886 4529 1961 4575 sq.
2003 4515 2244 4562 scelerum
2282 4515 2430 4562 furiis
2468 4515 2687 4574 agitatus
2724 4513 2925 4560 Orestes
2967 4549 2978 4561 .
3012 4549 3024 4561 .
3058 4548 3066 4557 .
3110 4514 3372 4559 obtruncat
3410 4512 3465 4558 ad
3506 4525 3612 4558 ares
3649 4569 3664 4582 .

937 4596 1035 4650 11.
1108 4603 1249 4663 Pepl.
1292 4600 1374 4650 35.
1415 4595 1531 4651 Ἐπὶ
1573 4596 1829 4651 Σθενέλου
1866 4598 1954 4650 καὶ
1991 4594 2277 4667 Εὐρυάλου,
2321 4598 2570 4666 κειμένων
2609 4597 2660 4648 ἐν
2690 4587 2896 4667 Ἀργειε

1585 4680 1814 4755 Ἀργεῖος
1854 4681 2107 4742 Σθένελος
2143 4680 2445 4752 Καπανήιος
2481 4682 2578 4735 ὦδε
2616 4681 2865 4735 τέθαπται

1725 4770 1926 4840 τύμβῳ,
1967 4770 2055 4823 καὶ
2089 4769 2271 4824 τούτου
2311 4769 2528 4840 πλησίον
2566 4766 2850 4838 Εὐρύαλος.

938 4854 1037 4912 12.
1112 4860 1250 4921 Pepl.
1292 4859 1374 4910 32.
1417 4854 1533 4910 Ἐπὶ
1570 4854 1831 4916 Γουνέωςε

1592 4941 1746 5014 Σῆμα
1779 4946 1839 4996 τὸ
1876 4945 1968 5013 μὲν
2010 4940 2235 5013 Γουνῆος
2274 4943 2413 5014 ὁρᾷς,
2455 4941 2599 5014 ψυχὴ
2639 4941 2695 4993 δὲ
2733 4939 2975 4998 θανόντος

1726 5029 1833 5099 ἀέρ’
1871 5029 1924 5089 ἐς
1960 5029 2110 5101 ὑγρὸν
2149 5028 2264 5100 ἔβη,
2308 5037 2458 5096 σῶμα
2497 5028 2552 5079 δὲ
2593 5027 2774 5085 πόντος
2813 5026 2940 5097 ἔχει.

764 5118 795 5164 4
833 5118 1032 5165 Ennius
1070 5118 1200 5180 apud
1239 5118 1343 5165 Cic.
1388 5119 1539 5167 Tuse.
1581 5120 1603 5166 1
1647 5118 1730 5180 15,
1768 5118 1831 5166 34
1871 5132 1961 5180 per
1998 5132 2078 5166 ora
2113 5120 2276 5165 virum

938 5341 999 5394 θ.
1072 5343 1101 5391 2
1138 5343 1366 5404 aeloquio
1413 5343 1452 5389 V

939 5425 1038 5480 1⁰.
1111 5429 1246 5477 Pirro
1289 5429 1332 5476 V
1535 5428 1565 5477 2
1603 5435 1655 5477 et
1704 5430 1758 5492 V,
1797 5443 1860 5477 eu
1904 5428 2174 5478 Mommsen
2382 5430 2548 5491 pirrus
2595 5428 2631 5474 V
2838 5427 2867 5474 3
2905 5429 3085 5475 orestis
3132 5427 3168 5473 V
3200 5439 3324 5474 corr.
3368 5424 3533 5485 Luyd.

942 5512 1042 5566 11.
1113 5515 1318 5563 Eurialo
1361 5515 1404 5562 V
1606 5515 1636 5564 3
1673 5516 1865 5564 eurialo
1904 5522 1956 5565 et
1991 5515 2258 5563 stheneulo
2305 5515 2360 5575 V,
2402 5519 2454 5562 et
2493 5514 2747 5575 Sthenelo,
2790 5513 3063 5571 Euryalum
3103 5527 3187 5573 eqo

937 5598 1032 5656 12.
1105 5603 1271 5661 cyneo
1316 5602 1370 5662 V,
1413 5603 1589 5649 Guneo
1629 5601 1943 5651 Pulmavmun
2160 5600 2178 5649 l
2223 5602 2366 5649 cinea
2411 5600 2464 5655 V,
2505 5599 2682 5647 Guuea
2719 5599 3036 5647 Pulmannus

937 5685 1037 5742 18·
1110 5689 1139 5738 2
1177 5688 1372 5749 phrigio
1421 5688 1455 5733 V
