<?xml version="1.0" encoding="UTF-8"?>
<!DOCTYPE html PUBLIC "-//W3C//DTD XHTML 1.0 Transitional//EN"
    "http://www.w3.org/TR/xhtml1/DTD/xhtml1-transitional.dtd">
<html xmlns="http://www.w3.org/1999/xhtml" xml:lang="en" lang="en">
 <head>
  <title>
</title>
<meta http-equiv="Content-Type" content="text/html;charset=utf-8" />
  <meta name='ocr-system' content='tesseract 3.04.00' />
  <meta name='ocr-capabilities' content='ocr_page ocr_carea ocr_par ocr_line ocrx_word'/>
</head>
<body>
  <div class='ocr_page' id='page_1' title='image "./dmagniavsoniiop02ausogoog_0256.png"; bbox 0 0 4630 6435; ppageno 0'>
   <div class='ocr_carea' id='block_1_1' title="bbox 838 424 2606 487">
    <p class='ocr_par' dir='ltr' id='par_1_1' title="bbox 838 424 2606 487">
     <span class='ocr_line' id='line_1_1' title="bbox 838 424 2606 487; baseline -0.002 -2"><span class='ocrx_word' id='word_1_1' title='bbox 838 427 859 485; x_wconf 91' lang='grc'>1</span> <span class='ocrx_word' id='word_1_2' title='bbox 875 424 956 487; x_wconf 83' lang='grc'><strong>84</strong></span> <span class='ocrx_word' id='word_1_3' title='bbox 2297 424 2606 481; x_wconf 78' lang='lat' dir='ltr'>AVSONII</span> 
     </span>
    </p>
   </div>
   <div class='ocr_carea' id='block_1_2' title="bbox 832 611 4101 910">
    <p class='ocr_par' dir='ltr' id='par_1_2' title="bbox 832 611 4101 910">
     <span class='ocr_line' id='line_1_2' title="bbox 833 611 4100 701; baseline 0.003 -24"><span class='ocrx_word' id='word_1_4' title='bbox 833 611 1283 696; x_wconf 82' lang='lat' dir='ltr'>signatamque</span> <span class='ocrx_word' id='word_1_5' title='bbox 1332 613 1417 678; x_wconf 88' lang='lat' dir='ltr'><strong>ad</strong></span> <span class='ocrx_word' id='word_1_6' title='bbox 1460 619 1524 679; x_wconf 92' lang='lat' dir='ltr'><strong>te</strong></span> <span class='ocrx_word' id='word_1_7' title='bbox 1571 614 1915 699; x_wconf 80' lang='lat' dir='ltr'><strong>epistulam</strong></span> <span class='ocrx_word' id='word_1_8' title='bbox 1962 613 2147 697; x_wconf 90' lang='lat' dir='ltr'><strong>misi,</strong></span> <span class='ocrx_word' id='word_1_9' title='bbox 2213 635 2294 680; x_wconf 91' lang='lat' dir='ltr'><strong>ne</strong></span> <span class='ocrx_word' id='word_1_10' title='bbox 2343 616 2753 681; x_wconf 89' lang='lat' dir='ltr'><strong>subornatum</strong></span> <span class='ocrx_word' id='word_1_11' title='bbox 2800 616 3048 682; x_wconf 80' lang='lat' dir='ltr'>diceres</span> <span class='ocrx_word' id='word_1_12' title='bbox 3091 616 3540 701; x_wconf 82' lang='lat' dir='ltr'><strong>tabellarium,</strong></span> <span class='ocrx_word' id='word_1_13' title='bbox 3609 618 3666 684; x_wconf 90' lang='lat' dir='ltr'><strong>si</strong></span> <span class='ocrx_word' id='word_1_14' title='bbox 3709 620 3795 685; x_wconf 88' lang='lat' dir='ltr'><strong>ad</strong></span> <span class='ocrx_word' id='word_1_15' title='bbox 3839 628 3902 687; x_wconf 89' lang='lat' dir='ltr'><strong>te</strong></span> <span class='ocrx_word' id='word_1_16' title='bbox 3961 620 4100 687; x_wconf 91' lang='lat' dir='ltr'><strong>sine</strong></span> 
     </span>
     <span class='ocr_line' id='line_1_3' title="bbox 833 714 4101 806; baseline 0.003 -26"><span class='ocrx_word' id='word_1_17' title='bbox 833 714 1004 798; x_wconf 88' lang='lat' dir='ltr'><strong>signi</strong></span> <span class='ocrx_word' id='word_1_18' title='bbox 1048 715 1176 781; x_wconf 91' lang='lat' dir='ltr'><strong>fide</strong></span> <span class='ocrx_word' id='word_1_19' title='bbox 1221 717 1490 782; x_wconf 87' lang='lat' dir='ltr'><strong>veniret.</strong></span> <span class='ocrx_word' id='word_1_20' title='bbox 1588 717 1846 800; x_wconf 81' lang='lat' dir='ltr'>signavi</span> <span class='ocrx_word' id='word_1_21' title='bbox 1890 722 2105 783; x_wconf 91' lang='lat' dir='ltr'><strong>autem</strong></span> <span class='ocrx_word' id='word_1_22' title='bbox 2149 737 2297 798; x_wconf 91' lang='lat' dir='ltr'><strong>non,</strong></span> <span class='ocrx_word' id='word_1_23' title='bbox 2338 724 2422 782; x_wconf 85' lang='lat' dir='ltr'><strong>-ut</strong></span> <span class='ocrx_word' id='word_1_24' title='bbox 2464 719 2734 784; x_wconf 89' lang='lat' dir='ltr'><strong>Plautus</strong></span> <span class='ocrx_word' id='word_1_25' title='bbox 2778 720 2903 797; x_wconf 84' lang='lat' dir='ltr'><strong>ait,</strong></span> <span class='ocrx_word' id='word_1_26' title='bbox 2965 724 3116 805; x_wconf 90' lang='lat' dir='ltr'><strong>‘per</strong></span> <span class='ocrx_word' id='word_1_27' title='bbox 3161 740 3372 786; x_wconf 89' lang='lat' dir='ltr'><strong>ceram</strong></span> <span class='ocrx_word' id='word_1_28' title='bbox 3419 727 3483 787; x_wconf 91' lang='lat' dir='ltr'><strong>et</strong></span> <span class='ocrx_word' id='word_1_29' title='bbox 3526 721 3773 806; x_wconf 86' lang='lat' dir='ltr'><strong>lignum</strong></span> <span class='ocrx_word' id='word_1_30' title='bbox 3818 723 4101 789; x_wconf 86' lang='lat' dir='ltr'><strong>litteras-</strong></span> 
     </span>
     <span class='ocr_line' id='line_1_4' title="bbox 832 819 4097 910; baseline 0.003 -27"><span class='ocrx_word' id='word_1_31' title='bbox 832 839 956 901; x_wconf 93' lang='lat' dir='ltr'><strong>que</strong></span> <span class='ocrx_word' id='word_1_32' title='bbox 1001 819 1435 905; x_wconf 86' lang='lat' dir='ltr'><strong>interpretes’,</strong></span> <span class='ocrx_word' id='word_1_33' title='bbox 1492 821 1610 886; x_wconf 91' lang='lat' dir='ltr'><strong>sed</strong></span> <span class='ocrx_word' id='word_1_34' title='bbox 1653 842 1769 905; x_wconf 91' lang='lat' dir='ltr'><strong>per</strong></span> <span class='ocrx_word' id='word_1_35' title='bbox 1797 822 2115 905; x_wconf 91' lang='lat' dir='ltr'><strong>poeticum</strong></span> <span class='ocrx_word' id='word_1_36' title='bbox 2150 821 2606 906; x_wconf 81' lang='lat' dir='ltr'><strong>characterem,</strong></span> <span class='ocrx_word' id='word_1_37' title='bbox 2662 823 2793 909; x_wconf 84' lang='lat' dir='ltr'><strong>&lt;ut&gt;</strong></span> <span class='ocrx_word' id='word_1_38' title='bbox 2826 824 3035 907; x_wconf 87' lang='lat' dir='ltr'><strong>magis</strong></span> <span class='ocrx_word' id='word_1_39' title='bbox 3066 831 3280 890; x_wconf 88' lang='lat' dir='ltr'><strong>notam</strong></span> <span class='ocrx_word' id='word_1_40' title='bbox 3309 826 3588 891; x_wconf 87' lang='lat' dir='ltr'><strong>inustam</strong></span> <span class='ocrx_word' id='word_1_41' title='bbox 3620 845 3813 909; x_wconf 90' lang='lat' dir='ltr'><strong>quam</strong></span> <span class='ocrx_word' id='word_1_42' title='bbox 3844 827 4097 910; x_wconf 90' lang='lat' dir='ltr'><strong>signum</strong></span> 
     </span>
    </p>
   </div>
   <div class='ocr_carea' id='block_1_3' title="bbox 836 922 1611 1007">
    <p class='ocr_par' dir='ltr' id='par_1_3' title="bbox 836 922 1611 1007">
     <span class='ocr_line' id='line_1_5' title="bbox 836 922 1611 1007; baseline 0.005 -22"><span class='ocrx_word' id='word_1_43' title='bbox 836 922 1221 1007; x_wconf 90' lang='lat' dir='ltr'><strong>impressum</strong></span> <span class='ocrx_word' id='word_1_44' title='bbox 1270 923 1611 989; x_wconf 90' lang='lat' dir='ltr'><strong>iudicares.</strong></span> 
     </span>
    </p>
   </div>
   <div class='ocr_carea' id='block_1_4' title="bbox 2429 1165 2495 1231">
    <p class='ocr_par' dir='ltr' id='par_1_4' title="bbox 2429 1165 2495 1231">
     <span class='ocr_line' id='line_1_6' title="bbox 2429 1165 2495 1231; baseline 0 0"><span class='ocrx_word' id='word_1_45' title='bbox 2429 1165 2495 1231; x_wconf 76' lang='lat'><strong>2.</strong></span> 
     </span>
    </p>
   </div>
   <div class='ocr_carea' id='block_1_5' title="bbox 1324 1338 4093 3474">
    <p class='ocr_par' dir='ltr' id='par_1_5' title="bbox 1324 1338 4093 3474">
     <span class='ocr_line' id='line_1_7' title="bbox 1497 1338 4093 1423; baseline 0.002 -21"><span class='ocrx_word' id='word_1_46' title='bbox 1497 1338 1765 1420; x_wconf 90' lang='lat' dir='ltr'><strong>Philon,</strong></span> <span class='ocrx_word' id='word_1_47' title='bbox 1817 1338 1980 1403; x_wconf 90' lang='lat' dir='ltr'><strong>meis</strong></span> <span class='ocrx_word' id='word_1_48' title='bbox 2024 1338 2132 1422; x_wconf 93' lang='lat' dir='ltr'><strong>qui</strong></span> <span class='ocrx_word' id='word_1_49' title='bbox 2180 1338 2483 1404; x_wconf 77' lang='lat' dir='ltr'>vilicatus</span> <span class='ocrx_word' id='word_1_50' title='bbox 2528 1339 2848 1423; x_wconf 91' lang='lat' dir='ltr'><strong>praediis,</strong></span> <span class='ocrx_word' id='word_1_51' title='bbox 3993 1364 4093 1414; x_wconf 78' lang='lat'><strong>415</strong></span> 
     </span>
     <span class='ocr_line' id='line_1_8' title="bbox 1673 1441 2546 1529; baseline 0.001 -23"><span class='ocrx_word' id='word_1_52' title='bbox 1673 1448 1742 1507; x_wconf 86' lang='lat' dir='ltr'><strong>ut</strong></span> <span class='ocrx_word' id='word_1_53' title='bbox 1784 1441 1925 1526; x_wconf 80' lang='lat' dir='ltr'><strong>ipse</strong></span> <span class='ocrx_word' id='word_1_54' title='bbox 1970 1443 2140 1521; x_wconf 81' lang='lat' dir='ltr'><strong>vult,</strong></span> <span class='ocrx_word' id='word_1_55' title='bbox 2196 1442 2546 1529; x_wconf 84' lang='grc' dir='ltr'>ἐπίτροπος,</span> 
     </span>
     <span class='ocr_line' id='line_1_9' title="bbox 1510 1545 3012 1631; baseline 0.002 -23"><span class='ocrx_word' id='word_1_56' title='bbox 1510 1546 1675 1625; x_wconf 90' lang='lat' dir='ltr'><strong>(nam</strong></span> <span class='ocrx_word' id='word_1_57' title='bbox 1721 1545 2068 1628; x_wconf 87' lang='lat' dir='ltr'><strong>gloriosum</strong></span> <span class='ocrx_word' id='word_1_58' title='bbox 2115 1547 2477 1612; x_wconf 79' lang='lat' dir='ltr'><strong>Graeculus</strong></span> <span class='ocrx_word' id='word_1_59' title='bbox 2521 1566 2754 1612; x_wconf 92' lang='lat' dir='ltr'><strong>nomen</strong></span> <span class='ocrx_word' id='word_1_60' title='bbox 2798 1553 3012 1631; x_wconf 89' lang='lat' dir='ltr'><strong>putat,</strong></span> 
     </span>
     <span class='ocr_line' id='line_1_10' title="bbox 1671 1649 2618 1734; baseline 0.002 -21"><span class='ocrx_word' id='word_1_61' title='bbox 1671 1649 1843 1733; x_wconf 93' lang='lat' dir='ltr'><strong>quod</strong></span> <span class='ocrx_word' id='word_1_62' title='bbox 1889 1670 2096 1714; x_wconf 87' lang='lat' dir='ltr'><strong>sermo</strong></span> <span class='ocrx_word' id='word_1_63' title='bbox 2143 1650 2321 1716; x_wconf 88' lang='lat' dir='ltr'><strong>fucat</strong></span> <span class='ocrx_word' id='word_1_64' title='bbox 2365 1650 2618 1734; x_wconf 88' lang='lat' dir='ltr'><strong>Dorius)</strong></span> 
     </span>
     <span class='ocr_line' id='line_1_11' title="bbox 1366 1753 2867 1839; baseline 0.002 -22"><span class='ocrx_word' id='word_1_65' title='bbox 1366 1772 1391 1810; x_wconf 77' lang='lat'>⁵</span> <span class='ocrx_word' id='word_1_66' title='bbox 1499 1753 1633 1818; x_wconf 92' lang='lat' dir='ltr'><strong>suis</strong></span> <span class='ocrx_word' id='word_1_67' title='bbox 1678 1754 1985 1834; x_wconf 90' lang='lat' dir='ltr'><strong>querellis</strong></span> <span class='ocrx_word' id='word_1_68' title='bbox 2029 1753 2271 1820; x_wconf 88' lang='lat' dir='ltr'><strong>adserit</strong></span> <span class='ocrx_word' id='word_1_69' title='bbox 2312 1760 2565 1819; x_wconf 90' lang='lat' dir='ltr'><strong>nostras</strong></span> <span class='ocrx_word' id='word_1_70' title='bbox 2611 1774 2867 1839; x_wconf 87' lang='lat' dir='ltr'><strong>preces,</strong></span> 
     </span>
     <span class='ocr_line' id='line_1_12' title="bbox 1667 1856 2686 1942; baseline 0.002 -23"><span class='ocrx_word' id='word_1_71' title='bbox 1667 1874 1830 1939; x_wconf 91' lang='lat' dir='ltr'><strong>quas</strong></span> <span class='ocrx_word' id='word_1_72' title='bbox 1873 1856 2013 1940; x_wconf 91' lang='lat' dir='ltr'><strong>ipse</strong></span> <span class='ocrx_word' id='word_1_73' title='bbox 2060 1857 2271 1922; x_wconf 91' lang='lat' dir='ltr'><strong>lentus</strong></span> <span class='ocrx_word' id='word_1_74' title='bbox 2317 1876 2686 1942; x_wconf 90' lang='lat' dir='ltr'><strong>prosequor.</strong></span> 
     </span>
     <span class='ocr_line' id='line_1_13' title="bbox 1494 1959 2997 2045; baseline 0.002 -22"><span class='ocrx_word' id='word_1_75' title='bbox 1494 1959 1747 2025; x_wconf 85' lang='lat' dir='ltr'><strong>videbis</strong></span> <span class='ocrx_word' id='word_1_76' title='bbox 1791 1959 2007 2044; x_wconf 90' lang='lat' dir='ltr'><strong>ipsum</strong></span> <span class='ocrx_word' id='word_1_77' title='bbox 2028 2012 2042 2038; x_wconf 88' lang='lat'><strong>,</strong></span> <span class='ocrx_word' id='word_1_78' title='bbox 2093 1960 2304 2043; x_wconf 86' lang='lat' dir='ltr'><strong>qualis</strong></span> <span class='ocrx_word' id='word_1_79' title='bbox 2351 1960 2564 2026; x_wconf 87' lang='lat' dir='ltr'><strong>adstet</strong></span> <span class='ocrx_word' id='word_1_80' title='bbox 2609 1961 2997 2045; x_wconf 90' lang='lat' dir='ltr'><strong>comminus,</strong></span> 
     </span>
     <span class='ocr_line' id='line_1_14' title="bbox 1672 2063 2463 2147; baseline 0.004 -20"><span class='ocrx_word' id='word_1_81' title='bbox 1672 2063 1889 2147; x_wconf 83' lang='lat' dir='ltr'><strong>imago</strong></span> <span class='ocrx_word' id='word_1_82' title='bbox 1934 2064 2227 2129; x_wconf 85' lang='lat' dir='ltr'><strong>fortunae</strong></span> <span class='ocrx_word' id='word_1_83' title='bbox 2274 2084 2463 2145; x_wconf 87' lang='lat' dir='ltr'><strong>suae,</strong></span> 
     </span>
     <span class='ocr_line' id='line_1_15' title="bbox 1495 2167 3070 2251; baseline 0.002 -20"><span class='ocrx_word' id='word_1_84' title='bbox 1495 2187 1724 2247; x_wconf 77' lang='lat' dir='ltr'><strong>canuS,</strong></span> <span class='ocrx_word' id='word_1_85' title='bbox 1780 2187 2106 2248; x_wconf 79' lang='lat' dir='ltr'><strong>comosuS,</strong></span> <span class='ocrx_word' id='word_1_86' title='bbox 2161 2167 2495 2251; x_wconf 87' lang='lat' dir='ltr'><strong>hispidus,</strong></span> <span class='ocrx_word' id='word_1_87' title='bbox 2548 2175 2726 2249; x_wconf 72' lang='lat' dir='ltr'><strong>truX,</strong></span> <span class='ocrx_word' id='word_1_88' title='bbox 2779 2170 3070 2247; x_wconf 84' lang='lat' dir='ltr'><strong>atribux,</strong></span> 
     </span>
     <span class='ocr_line' id='line_1_16' title="bbox 1329 2269 2480 2351; baseline 0.003 -21"><span class='ocrx_word' id='word_1_89' title='bbox 1329 2292 1387 2331; x_wconf 81' lang='grc' dir='ltr'><strong>ιο</strong></span> <span class='ocrx_word' id='word_1_90' title='bbox 1671 2269 2103 2334; x_wconf 86' lang='lat' dir='ltr'><strong>Terentianus</strong></span> <span class='ocrx_word' id='word_1_91' title='bbox 2148 2270 2480 2351; x_wconf 89' lang='lat' dir='ltr'><strong>Phormio,</strong></span> 
     </span>
     <span class='ocr_line' id='line_1_17' title="bbox 1497 2373 2813 2459; baseline 0.002 -22"><span class='ocrx_word' id='word_1_92' title='bbox 1497 2373 1762 2438; x_wconf 88' lang='lat' dir='ltr'><strong>horrens</strong></span> <span class='ocrx_word' id='word_1_93' title='bbox 1807 2373 2061 2458; x_wconf 89' lang='lat' dir='ltr'><strong>capillis</strong></span> <span class='ocrx_word' id='word_1_94' title='bbox 2108 2379 2176 2438; x_wconf 97' lang='lat' dir='ltr'><strong>ut</strong></span> <span class='ocrx_word' id='word_1_95' title='bbox 2219 2374 2507 2438; x_wconf 90' lang='lat' dir='ltr'><strong>marinus</strong></span> <span class='ocrx_word' id='word_1_96' title='bbox 2555 2374 2813 2459; x_wconf 86' lang='lat' dir='ltr'><strong>asperis</strong></span> 
     </span>
     <span class='ocr_line' id='line_1_18' title="bbox 1666 2475 2553 2542; baseline -0.001 0"><span class='ocrx_word' id='word_1_97' title='bbox 1666 2475 1931 2542; x_wconf 90' lang='lat' dir='ltr'><strong>echinus</strong></span> <span class='ocrx_word' id='word_1_98' title='bbox 1976 2482 2089 2541; x_wconf 97' lang='lat' dir='ltr'><strong>aut</strong></span> <span class='ocrx_word' id='word_1_99' title='bbox 2131 2496 2359 2542; x_wconf 86' lang='lat' dir='ltr'><strong>versus</strong></span> <span class='ocrx_word' id='word_1_100' title='bbox 2404 2476 2553 2542; x_wconf 90' lang='lat' dir='ltr'><strong>mei.</strong></span> 
     </span>
     <span class='ocr_line' id='line_1_19' title="bbox 1495 2579 2948 2664; baseline 0.001 -20"><span class='ocrx_word' id='word_1_101' title='bbox 1495 2579 1601 2645; x_wconf 90' lang='lat' dir='ltr'><strong>hic</strong></span> <span class='ocrx_word' id='word_1_102' title='bbox 1646 2599 1842 2664; x_wconf 90' lang='lat' dir='ltr'><strong>saepe</strong></span> <span class='ocrx_word' id='word_1_103' title='bbox 1889 2579 2096 2644; x_wconf 89' lang='lat' dir='ltr'><strong>falsus</strong></span> <span class='ocrx_word' id='word_1_104' title='bbox 2142 2580 2465 2645; x_wconf 91' lang='lat' dir='ltr'><strong>messibus</strong></span> <span class='ocrx_word' id='word_1_105' title='bbox 2509 2581 2948 2663; x_wconf 84' lang='lat' dir='ltr'><strong>vegrandibus</strong></span> 
     </span>
     <span class='ocr_line' id='line_1_20' title="bbox 1667 2683 2430 2767; baseline 0.001 -21"><span class='ocrx_word' id='word_1_106' title='bbox 1667 2702 1896 2748; x_wconf 91' lang='lat' dir='ltr'><strong>nomen</strong></span> <span class='ocrx_word' id='word_1_107' title='bbox 1940 2702 2210 2767; x_wconf 90' lang='lat' dir='ltr'><strong>perosus</strong></span> <span class='ocrx_word' id='word_1_108' title='bbox 2255 2683 2430 2748; x_wconf 85' lang='lat' dir='ltr'><strong>vilici</strong></span> 
     </span>
     <span class='ocr_line' id='line_1_21' title="bbox 1328 2786 2912 2872; baseline 0.003 -26"><span class='ocrx_word' id='word_1_109' title='bbox 1328 2807 1386 2846; x_wconf 68' lang='grc' dir='ltr'><strong>ιε)</strong></span> <span class='ocrx_word' id='word_1_110' title='bbox 1493 2791 1779 2851; x_wconf 86' lang='lat' dir='ltr'><strong>semente</strong></span> <span class='ocrx_word' id='word_1_111' title='bbox 1826 2805 1972 2851; x_wconf 90' lang='lat' dir='ltr'><strong>sera</strong></span> <span class='ocrx_word' id='word_1_112' title='bbox 2016 2786 2153 2851; x_wconf 83' lang='lat' dir='ltr'><strong>sive</strong></span> <span class='ocrx_word' id='word_1_113' title='bbox 2199 2788 2469 2852; x_wconf 89' lang='lat' dir='ltr'><strong>multum</strong></span> <span class='ocrx_word' id='word_1_114' title='bbox 2516 2807 2912 2872; x_wconf 78' lang='lat' dir='ltr'><strong>praecoqua,</strong></span> 
     </span>
     <span class='ocr_line' id='line_1_22' title="bbox 1672 2889 2379 2970; baseline 0.001 -16"><span class='ocrx_word' id='word_1_115' title='bbox 1672 2898 1736 2954; x_wconf 91' lang='lat' dir='ltr'><strong>et</strong></span> <span class='ocrx_word' id='word_1_116' title='bbox 1783 2889 2045 2954; x_wconf 87' lang='lat' dir='ltr'><strong>siderali</strong></span> <span class='ocrx_word' id='word_1_117' title='bbox 2090 2890 2379 2970; x_wconf 88' lang='lat' dir='ltr'><strong>inscitia,</strong></span> 
     </span>
     <span class='ocr_line' id='line_1_23' title="bbox 1495 2993 3072 3078; baseline 0.003 -22"><span class='ocrx_word' id='word_1_118' title='bbox 1495 2993 1743 3057; x_wconf 90' lang='lat' dir='ltr'><strong>caelum</strong></span> <span class='ocrx_word' id='word_1_119' title='bbox 1790 2993 2119 3057; x_wconf 89' lang='lat' dir='ltr'><strong>lacessens</strong></span> <span class='ocrx_word' id='word_1_120' title='bbox 2166 3013 2364 3075; x_wconf 89' lang='lat' dir='ltr'><strong>seque</strong></span> <span class='ocrx_word' id='word_1_121' title='bbox 2411 2994 2640 3078; x_wconf 90' lang='lat' dir='ltr'><strong>culpae</strong></span> <span class='ocrx_word' id='word_1_122' title='bbox 2687 2994 3072 3060; x_wconf 89' lang='lat' dir='ltr'><strong>subtrahens</strong></span> 
     </span>
     <span class='ocr_line' id='line_1_24' title="bbox 1665 3096 2440 3180; baseline 0.003 -21"><span class='ocrx_word' id='word_1_123' title='bbox 1665 3115 1810 3160; x_wconf 91' lang='lat' dir='ltr'><strong>reos</strong></span> <span class='ocrx_word' id='word_1_124' title='bbox 1856 3096 2106 3180; x_wconf 87' lang='lat' dir='ltr'><strong>peregit</strong></span> <span class='ocrx_word' id='word_1_125' title='bbox 2151 3096 2440 3162; x_wconf 89' lang='lat' dir='ltr'><strong>caelites.</strong></span> 
     </span>
     <span class='ocr_line' id='line_1_25' title="bbox 1492 3199 3013 3285; baseline 0.001 -20"><span class='ocrx_word' id='word_1_126' title='bbox 1492 3221 1616 3265; x_wconf 91' lang='lat' dir='ltr'><strong>non</strong></span> <span class='ocrx_word' id='word_1_127' title='bbox 1663 3199 1866 3266; x_wconf 89' lang='lat' dir='ltr'><strong>cultor</strong></span> <span class='ocrx_word' id='word_1_128' title='bbox 1908 3199 2193 3282; x_wconf 86' lang='lat' dir='ltr'><strong>instans,</strong></span> <span class='ocrx_word' id='word_1_129' title='bbox 2246 3222 2375 3266; x_wconf 95' lang='lat' dir='ltr'><strong>non</strong></span> <span class='ocrx_word' id='word_1_130' title='bbox 2420 3207 2635 3266; x_wconf 89' lang='lat' dir='ltr'><strong>arator</strong></span> <span class='ocrx_word' id='word_1_131' title='bbox 2678 3201 3013 3285; x_wconf 78' lang='lat' dir='ltr'><strong>gnaruriS,</strong></span> 
     </span>
     <span class='ocr_line' id='line_1_26' title="bbox 1324 3306 2868 3389; baseline 0.004 -25"><span class='ocrx_word' id='word_1_132' title='bbox 1324 3323 1384 3364; x_wconf 81' lang='lat'><strong>20</strong></span> <span class='ocrx_word' id='word_1_133' title='bbox 1663 3322 2050 3388; x_wconf 89' lang='lat' dir='ltr'><strong>promusque</strong></span> <span class='ocrx_word' id='word_1_134' title='bbox 2096 3325 2288 3387; x_wconf 89' lang='lat' dir='ltr'><strong>quam</strong></span> <span class='ocrx_word' id='word_1_135' title='bbox 2336 3306 2577 3371; x_wconf 91' lang='lat' dir='ltr'><strong>condus</strong></span> <span class='ocrx_word' id='word_1_136' title='bbox 2622 3306 2868 3389; x_wconf 76' lang='lat' dir='ltr'><strong>magiS,</strong></span> 
     </span>
     <span class='ocr_line' id='line_1_27' title="bbox 1490 3406 2985 3474; baseline 0.002 -3"><span class='ocrx_word' id='word_1_137' title='bbox 1490 3413 1729 3472; x_wconf 89' lang='lat' dir='ltr'><strong>terram</strong></span> <span class='ocrx_word' id='word_1_138' title='bbox 1776 3406 2103 3473; x_wconf 90' lang='lat' dir='ltr'><strong>infidelem</strong></span> <span class='ocrx_word' id='word_1_139' title='bbox 2151 3428 2269 3473; x_wconf 91' lang='lat' dir='ltr'><strong>nec</strong></span> <span class='ocrx_word' id='word_1_140' title='bbox 2317 3409 2591 3474; x_wconf 83' lang='lat' dir='ltr'><strong>feracem</strong></span> <span class='ocrx_word' id='word_1_141' title='bbox 2641 3409 2985 3474; x_wconf 90' lang='lat' dir='ltr'><strong>criminans</strong></span> 
     </span>
    </p>
   </div>
   <div class='ocr_carea' id='block_1_6' title="bbox 1488 3512 2839 3802">
    <p class='ocr_par' dir='ltr' id='par_1_6' title="bbox 1488 3512 2839 3802">
     <span class='ocr_line' id='line_1_28' title="bbox 1668 3512 2273 3594; baseline -0.002 -17"><span class='ocrx_word' id='word_1_142' title='bbox 1668 3512 1983 3594; x_wconf 87' lang='lat' dir='ltr'><strong>negotiari</strong></span> <span class='ocrx_word' id='word_1_143' title='bbox 2028 3513 2273 3576; x_wconf 90' lang='lat' dir='ltr'><strong>maluit.</strong></span> 
     </span>
     <span class='ocr_line' id='line_1_29' title="bbox 1488 3614 2839 3701; baseline 0.001 -21"><span class='ocrx_word' id='word_1_144' title='bbox 1488 3623 1807 3681; x_wconf 91' lang='lat' dir='ltr'><strong>mercatur</strong></span> <span class='ocrx_word' id='word_1_145' title='bbox 1853 3614 1982 3701; x_wconf 90' lang='lat' dir='ltr'><strong>&lt;in&gt;</strong></span> <span class='ocrx_word' id='word_1_146' title='bbox 2030 3634 2284 3697; x_wconf 88' lang='lat' dir='ltr'><strong>quoquo</strong></span> <span class='ocrx_word' id='word_1_147' title='bbox 2333 3616 2468 3680; x_wconf 84' lang='lat' dir='ltr'><strong>foro</strong></span> <span class='ocrx_word' id='word_1_148' title='bbox 2514 3617 2839 3681; x_wconf 80' lang='lat' dir='ltr'><strong>venalium</strong></span> 
     </span>
     <span class='ocr_line' id='line_1_30' title="bbox 1661 3718 2713 3802; baseline -0.001 -18"><span class='ocrx_word' id='word_1_149' title='bbox 1661 3725 1944 3784; x_wconf 89' lang='lat' dir='ltr'><strong>mutatus</strong></span> <span class='ocrx_word' id='word_1_150' title='bbox 1989 3719 2075 3783; x_wconf 85' lang='lat' dir='ltr'><strong>ad</strong></span> <span class='ocrx_word' id='word_1_151' title='bbox 2122 3720 2437 3784; x_wconf 85' lang='lat' dir='ltr'><strong>Graecam</strong></span> <span class='ocrx_word' id='word_1_152' title='bbox 2485 3718 2713 3802; x_wconf 90' lang='lat' dir='ltr'><strong>fidem,</strong></span> 
     </span>
    </p>
   </div>
   <div class='ocr_carea' id='block_1_7' title="bbox 992 4030 4078 4185">
    <p class='ocr_par' dir='ltr' id='par_1_7' title="bbox 992 4030 4078 4185">
     <span class='ocr_line' id='line_1_31' title="bbox 992 4030 2237 4094; baseline -0.001 -13"><span class='ocrx_word' id='word_1_153' title='bbox 992 4034 1161 4083; x_wconf 84' lang='lat' dir='ltr'><strong>XXII.</strong></span> <span class='ocrx_word' id='word_1_154' title='bbox 1207 4030 1268 4084; x_wconf 85' lang='grc'><strong>1.</strong></span> <span class='ocrx_word' id='word_1_155' title='bbox 1344 4033 1405 4082; x_wconf 87' lang='grc'><strong>12</strong></span> <span class='ocrx_word' id='word_1_156' title='bbox 1443 4034 1605 4084; x_wconf 85' lang='lat' dir='ltr'><strong>Plaut.</strong></span> <span class='ocrx_word' id='word_1_157' title='bbox 1649 4032 1829 4081; x_wconf 86' lang='lat' dir='ltr'><strong>Pseud.</strong></span> <span class='ocrx_word' id='word_1_158' title='bbox 1876 4034 1898 4079; x_wconf 90' lang='lat'>1</span> <span class='ocrx_word' id='word_1_159' title='bbox 1941 4032 1985 4092; x_wconf 89' lang='lat'><strong>1,</strong></span> <span class='ocrx_word' id='word_1_160' title='bbox 2028 4032 2094 4081; x_wconf 79' lang='lat'><strong>40</strong></span> <span class='ocrx_word' id='word_1_161' title='bbox 2140 4032 2237 4094; x_wconf 83' lang='lat'>(42)</span> 
     </span>
     <span class='ocr_line' id='line_1_32' title="bbox 994 4116 4078 4185; baseline 0.001 -14"><span class='ocrx_word' id='word_1_162' title='bbox 994 4116 1054 4171; x_wconf 74' lang='lat'><strong>2·</strong></span> <span class='ocrx_word' id='word_1_163' title='bbox 1127 4120 1154 4168; x_wconf 82' lang='lat'>7</span> <span class='ocrx_word' id='word_1_164' title='bbox 1183 4135 1257 4183; x_wconf 87' lang='lat' dir='ltr'><strong>sq.</strong></span> <span class='ocrx_word' id='word_1_165' title='bbox 1299 4121 1444 4170; x_wconf 84' lang='lat' dir='ltr'><strong>Ovid.</strong></span> <span class='ocrx_word' id='word_1_166' title='bbox 1488 4120 1641 4170; x_wconf 84' lang='lat' dir='ltr'><strong>Trist.</strong></span> <span class='ocrx_word' id='word_1_167' title='bbox 1684 4121 1759 4166; x_wconf 93' lang='lat'><strong>111</strong></span> <span class='ocrx_word' id='word_1_168' title='bbox 1798 4118 1846 4180; x_wconf 90' lang='lat'><strong>8,</strong></span> <span class='ocrx_word' id='word_1_169' title='bbox 1890 4119 1954 4166; x_wconf 86' lang='grc'><strong>36</strong></span> <span class='ocrx_word' id='word_1_170' title='bbox 2004 4124 2135 4166; x_wconf 83' lang='lat' dir='ltr'><strong>astat</strong></span> <span class='ocrx_word' id='word_1_171' title='bbox 2169 4121 2403 4166; x_wconf 78' lang='lat' dir='ltr'><strong>fortunae</strong></span> <span class='ocrx_word' id='word_1_172' title='bbox 2451 4119 2607 4166; x_wconf 81' lang='lat' dir='ltr'><strong>forma</strong></span> <span class='ocrx_word' id='word_1_173' title='bbox 2655 4118 2866 4178; x_wconf 80' lang='lat' dir='ltr'><strong>legenda</strong></span> <span class='ocrx_word' id='word_1_174' title='bbox 2912 4133 3050 4168; x_wconf 88' lang='lat' dir='ltr'><strong>meae</strong></span> <span class='ocrx_word' id='word_1_175' title='bbox 3112 4141 3119 4148; x_wconf 90' lang='lat'><em>·</em></span> <span class='ocrx_word' id='word_1_176' title='bbox 3340 4121 3371 4169; x_wconf 82' lang='lat'>9</span> <span class='ocrx_word' id='word_1_177' title='bbox 3408 4123 3596 4184; x_wconf 83' lang='lat' dir='ltr'><strong>Appul.</strong></span> <span class='ocrx_word' id='word_1_178' title='bbox 3637 4124 3770 4172; x_wconf 83' lang='lat' dir='ltr'><strong>Flor.</strong></span> <span class='ocrx_word' id='word_1_179' title='bbox 3811 4125 3834 4171; x_wconf 91' lang='lat'>1</span> <span class='ocrx_word' id='word_1_180' title='bbox 3874 4125 3903 4172; x_wconf 87' lang='grc'>3</span> <span class='ocrx_word' id='word_1_181' title='bbox 3942 4131 4078 4185; x_wconf 82' lang='lat' dir='ltr'><strong>trux,</strong></span> 
     </span>
    </p>
   </div>
   <div class='ocr_carea' id='block_1_8' title="bbox 821 4204 4082 4446">
    <p class='ocr_par' dir='ltr' id='par_1_8' title="bbox 821 4204 4082 4446">
     <span class='ocr_line' id='line_1_33' title="bbox 821 4204 4076 4272; baseline 0.002 -18"><span class='ocrx_word' id='word_1_182' title='bbox 821 4207 1049 4269; x_wconf 82' lang='lat' dir='ltr'><strong>hispidus</strong></span> <span class='ocrx_word' id='word_1_183' title='bbox 1219 4207 1280 4256; x_wconf 88' lang='grc'><strong>10</strong></span> <span class='ocrx_word' id='word_1_184' title='bbox 1318 4207 1419 4256; x_wconf 87' lang='lat' dir='ltr'><strong>Cic.</strong></span> <span class='ocrx_word' id='word_1_185' title='bbox 1450 4220 1539 4269; x_wconf 84' lang='lat' dir='ltr'><strong>pro</strong></span> <span class='ocrx_word' id='word_1_186' title='bbox 1564 4205 1704 4255; x_wconf 85' lang='lat' dir='ltr'><strong>Caec.</strong></span> <span class='ocrx_word' id='word_1_187' title='bbox 1742 4205 1821 4266; x_wconf 87' lang='lat'><strong>10,</strong></span> <span class='ocrx_word' id='word_1_188' title='bbox 1850 4204 1912 4253; x_wconf 83' lang='lat'><strong>27</strong></span> <span class='ocrx_word' id='word_1_189' title='bbox 1952 4219 2044 4253; x_wconf 86' lang='lat' dir='ltr'><strong>nec</strong></span> <span class='ocrx_word' id='word_1_190' title='bbox 2082 4207 2253 4253; x_wconf 88' lang='lat' dir='ltr'><strong>minus</strong></span> <span class='ocrx_word' id='word_1_191' title='bbox 2292 4207 2432 4265; x_wconf 85' lang='lat' dir='ltr'><strong>niger</strong></span> <span class='ocrx_word' id='word_1_192' title='bbox 2457 4241 2470 4254; x_wconf 91' lang='lat'><strong>.</strong></span> <span class='ocrx_word' id='word_1_193' title='bbox 2501 4242 2514 4254; x_wconf 88' lang='lat'><strong>.</strong></span> <span class='ocrx_word' id='word_1_194' title='bbox 2550 4241 2563 4254; x_wconf 89' lang='lat'><strong>.</strong></span> <span class='ocrx_word' id='word_1_195' title='bbox 2596 4219 2742 4266; x_wconf 82' lang='lat' dir='ltr'><strong>quam</strong></span> <span class='ocrx_word' id='word_1_196' title='bbox 2769 4206 2855 4252; x_wconf 84' lang='lat' dir='ltr'><strong>ille</strong></span> <span class='ocrx_word' id='word_1_197' title='bbox 2881 4206 3218 4254; x_wconf 80' lang='lat' dir='ltr'><strong>Terentianus</strong></span> <span class='ocrx_word' id='word_1_198' title='bbox 3244 4211 3321 4254; x_wconf 87' lang='lat' dir='ltr'><strong>est</strong></span> <span class='ocrx_word' id='word_1_199' title='bbox 3346 4208 3574 4257; x_wconf 87' lang='lat' dir='ltr'><strong>Phormio</strong></span> <span class='ocrx_word' id='word_1_200' title='bbox 3753 4209 3809 4257; x_wconf 92' lang='lat'><strong>11</strong></span> <span class='ocrx_word' id='word_1_201' title='bbox 3840 4225 3913 4272; x_wconf 85' lang='lat' dir='ltr'><strong>sq.</strong></span> <span class='ocrx_word' id='word_1_202' title='bbox 3958 4212 4076 4261; x_wconf 85' lang='lat' dir='ltr'><strong>Hor.</strong></span> 
     </span>
     <span class='ocr_line' id='line_1_34' title="bbox 822 4291 4081 4359; baseline 0.001 -19"><span class='ocrx_word' id='word_1_203' title='bbox 822 4293 980 4354; x_wconf 85' lang='lat' dir='ltr'><strong>Epod.</strong></span> <span class='ocrx_word' id='word_1_204' title='bbox 1027 4293 1074 4355; x_wconf 85' lang='lat'><strong>5,</strong></span> <span class='ocrx_word' id='word_1_205' title='bbox 1117 4292 1180 4342; x_wconf 83' lang='lat'><strong>27</strong></span> <span class='ocrx_word' id='word_1_206' title='bbox 1208 4308 1281 4355; x_wconf 88' lang='lat' dir='ltr'><strong>sq.</strong></span> <span class='ocrx_word' id='word_1_207' title='bbox 1326 4294 1494 4354; x_wconf 75' lang='lat' dir='ltr'><strong>horret</strong></span> <span class='ocrx_word' id='word_1_208' title='bbox 1530 4293 1722 4353; x_wconf 82' lang='lat' dir='ltr'><strong>capillis</strong></span> <span class='ocrx_word' id='word_1_209' title='bbox 1759 4297 1816 4338; x_wconf 84' lang='lat' dir='ltr'><strong>ut</strong></span> <span class='ocrx_word' id='word_1_210' title='bbox 1852 4293 2077 4339; x_wconf 86' lang='lat' dir='ltr'><strong>marinus</strong></span> <span class='ocrx_word' id='word_1_211' title='bbox 2115 4292 2303 4353; x_wconf 88' lang='lat' dir='ltr'><strong>asperis</strong></span> <span class='ocrx_word' id='word_1_212' title='bbox 2340 4291 2551 4339; x_wconf 83' lang='lat' dir='ltr'><strong>echinus</strong></span> <span class='ocrx_word' id='word_1_213' title='bbox 2590 4297 2677 4339; x_wconf 84' lang='lat' dir='ltr'><strong>aut</strong></span> <span class='ocrx_word' id='word_1_214' title='bbox 2713 4293 2938 4340; x_wconf 82' lang='lat' dir='ltr'><strong>Laurens</strong></span> <span class='ocrx_word' id='word_1_215' title='bbox 2975 4307 3093 4355; x_wconf 82' lang='lat' dir='ltr'><strong>aper</strong></span> <span class='ocrx_word' id='word_1_216' title='bbox 3301 4292 3369 4343; x_wconf 87' lang='lat'><strong>20</strong></span> <span class='ocrx_word' id='word_1_217' title='bbox 3406 4294 3570 4342; x_wconf 89' lang='lat' dir='ltr'><strong>Plaut.</strong></span> <span class='ocrx_word' id='word_1_218' title='bbox 3613 4294 3797 4344; x_wconf 84' lang='lat' dir='ltr'><strong>Pseud.</strong></span> <span class='ocrx_word' id='word_1_219' title='bbox 3840 4296 3886 4343; x_wconf 89' lang='lat'><strong>11</strong></span> <span class='ocrx_word' id='word_1_220' title='bbox 3924 4294 3977 4359; x_wconf 86' lang='lat'><strong>2,</strong></span> <span class='ocrx_word' id='word_1_221' title='bbox 4021 4295 4081 4345; x_wconf 82' lang='lat'><strong>14</strong></span> 
     </span>
     <span class='ocr_line' id='line_1_35' title="bbox 824 4376 4082 4446; baseline 0.002 -20"><span class='ocrx_word' id='word_1_222' title='bbox 824 4377 958 4438; x_wconf 85' lang='grc'>(608)</span> <span class='ocrx_word' id='word_1_223' title='bbox 1001 4379 1190 4427; x_wconf 83' lang='lat' dir='ltr'><strong>condus</strong></span> <span class='ocrx_word' id='word_1_224' title='bbox 1226 4393 1430 4442; x_wconf 85' lang='lat' dir='ltr'><strong>promus</strong></span> <span class='ocrx_word' id='word_1_225' title='bbox 1466 4382 1754 4440; x_wconf 81' lang='lat' dir='ltr'><strong>procurator</strong></span> <span class='ocrx_word' id='word_1_226' title='bbox 1789 4378 1910 4438; x_wconf 85' lang='lat' dir='ltr'><strong>peni</strong></span> <span class='ocrx_word' id='word_1_227' title='bbox 2171 4376 2238 4426; x_wconf 87' lang='lat'><strong>23</strong></span> <span class='ocrx_word' id='word_1_228' title='bbox 2266 4391 2340 4439; x_wconf 86' lang='lat' dir='ltr'><strong>sq.</strong></span> <span class='ocrx_word' id='word_1_229' title='bbox 2383 4377 2545 4427; x_wconf 85' lang='lat' dir='ltr'><strong>Plaut.</strong></span> <span class='ocrx_word' id='word_1_230' title='bbox 2590 4379 2734 4427; x_wconf 79' lang='lat' dir='ltr'><strong>Asin.</strong></span> <span class='ocrx_word' id='word_1_231' title='bbox 2777 4378 2800 4424; x_wconf 95' lang='lat'>1</span> <span class='ocrx_word' id='word_1_232' title='bbox 2840 4377 2886 4439; x_wconf 89' lang='lat'><strong>3,</strong></span> <span class='ocrx_word' id='word_1_233' title='bbox 2931 4377 2992 4426; x_wconf 83' lang='lat'><strong>47</strong></span> <span class='ocrx_word' id='word_1_234' title='bbox 3043 4377 3174 4442; x_wconf 86' lang='lat'>(199)</span> <span class='ocrx_word' id='word_1_235' title='bbox 3220 4383 3381 4427; x_wconf 85' lang='lat' dir='ltr'><strong>cetera</strong></span> <span class='ocrx_word' id='word_1_236' title='bbox 3418 4394 3545 4442; x_wconf 87' lang='lat' dir='ltr'><strong>quae</strong></span> <span class='ocrx_word' id='word_1_237' title='bbox 3579 4377 3705 4446; x_wconf 88' lang='lat' dir='ltr'><strong>(nos)</strong></span> <span class='ocrx_word' id='word_1_238' title='bbox 3741 4383 3970 4430; x_wconf 79' lang='lat' dir='ltr'><strong>volumus</strong></span> <span class='ocrx_word' id='word_1_239' title='bbox 4006 4385 4082 4430; x_wconf 82' lang='lat' dir='ltr'><strong>uti</strong></span> 
     </span>
    </p>
   </div>
   <div class='ocr_carea' id='block_1_9' title="bbox 819 4464 1454 4514">
    <p class='ocr_par' dir='ltr' id='par_1_9' title="bbox 819 4464 1454 4514">
     <span class='ocr_line' id='line_1_36' title="bbox 819 4464 1454 4514; baseline 0.003 -2"><span class='ocrx_word' id='word_1_240' title='bbox 819 4464 1006 4513; x_wconf 87' lang='lat' dir='ltr'><strong>Graeca</strong></span> <span class='ocrx_word' id='word_1_241' title='bbox 1040 4479 1319 4514; x_wconf 81' lang='lat' dir='ltr'><strong>mercamur</strong></span> <span class='ocrx_word' id='word_1_242' title='bbox 1354 4465 1454 4514; x_wconf 81' lang='lat' dir='ltr'><strong>fide</strong></span> 
     </span>
    </p>
   </div>
   <div class='ocr_carea' id='block_1_10' title="bbox 815 4748 4077 5099">
    <p class='ocr_par' dir='ltr' id='par_1_10' title="bbox 815 4748 4077 4994">
     <span class='ocr_line' id='line_1_37' title="bbox 991 4748 4077 4821; baseline 0.001 -15"><span class='ocrx_word' id='word_1_243' title='bbox 991 4757 1046 4806; x_wconf 93' lang='grc'><strong>11</strong></span> <span class='ocrx_word' id='word_1_244' title='bbox 1090 4759 1206 4820; x_wconf 82' lang='lat' dir='ltr'><strong>epla</strong></span> <span class='ocrx_word' id='word_1_245' title='bbox 1248 4759 1304 4818; x_wconf 90' lang='lat' dir='ltr'><strong>T,</strong></span> <span class='ocrx_word' id='word_1_246' title='bbox 1348 4757 1610 4820; x_wconf 83' lang='lat' dir='ltr'><strong>epistolam</strong></span> <span class='ocrx_word' id='word_1_247' title='bbox 1648 4762 1737 4806; x_wconf 81' lang='lat' dir='ltr'><strong>cet.</strong></span> <span class='ocrx_word' id='word_1_248' title='bbox 1958 4757 2015 4805; x_wconf 88' lang='grc'><strong>12</strong></span> <span class='ocrx_word' id='word_1_249' title='bbox 2054 4748 2131 4818; x_wconf 58' lang='lat' dir='ltr'><strong>li&amp;</strong></span> <span class='ocrx_word' id='word_1_250' title='bbox 2173 4757 2232 4816; x_wconf 90' lang='lat' dir='ltr'><strong>T,</strong></span> <span class='ocrx_word' id='word_1_251' title='bbox 2272 4758 2467 4817; x_wconf 80' lang='lat' dir='ltr'><strong>lignum</strong></span> <span class='ocrx_word' id='word_1_252' title='bbox 2505 4763 2619 4818; x_wconf 59' lang='lat' dir='ltr'><strong>cet„</strong></span> <span class='ocrx_word' id='word_1_253' title='bbox 2661 4758 2824 4806; x_wconf 88' lang='lat' dir='ltr'><strong>linum</strong></span> <span class='ocrx_word' id='word_1_254' title='bbox 2863 4755 3008 4807; x_wconf 61' lang='grc' dir='ltr'><strong>ναι*</strong></span> <span class='ocrx_word' id='word_1_255' title='bbox 3041 4761 3184 4818; x_wconf 76' lang='lat' dir='ltr'><strong>volyo</strong></span> <span class='ocrx_word' id='word_1_256' title='bbox 3225 4759 3402 4821; x_wconf 67' lang='lat' dir='ltr'><strong>(linum</strong></span> <span class='ocrx_word' id='word_1_257' title='bbox 3441 4758 3578 4808; x_wconf 84' lang='lat' dir='ltr'><strong>codd.</strong></span> <span class='ocrx_word' id='word_1_258' title='bbox 3625 4760 3812 4819; x_wconf 66' lang='lat' dir='ltr'><strong>Plauti,</strong></span> <span class='ocrx_word' id='word_1_259' title='bbox 3858 4760 4077 4809; x_wconf 71' lang='lat' dir='ltr'><strong>Muretus</strong></span> 
     </span>
     <span class='ocr_line' id='line_1_38' title="bbox 815 4844 4073 4908; baseline 0 -15"><span class='ocrx_word' id='word_1_260' title='bbox 815 4846 1026 4908; x_wconf 80' lang='lat' dir='ltr'><strong>lignum)</strong></span> <span class='ocrx_word' id='word_1_261' title='bbox 1262 4844 1323 4894; x_wconf 90' lang='grc'><strong>13</strong></span> <span class='ocrx_word' id='word_1_262' title='bbox 1361 4851 1656 4892; x_wconf 83' lang='lat' dir='ltr'><strong>caracterem</strong></span> <span class='ocrx_word' id='word_1_263' title='bbox 1697 4859 1740 4891; x_wconf 88' lang='grc' dir='ltr'>ω</span> <span class='ocrx_word' id='word_1_264' title='bbox 1952 4846 2108 4903; x_wconf 83' lang='lat' dir='ltr'><strong>magis</strong></span> <span class='ocrx_word' id='word_1_265' title='bbox 2145 4849 2260 4891; x_wconf 86' lang='lat' dir='ltr'><strong>nota</strong></span> <span class='ocrx_word' id='word_1_266' title='bbox 2296 4846 2469 4892; x_wconf 88' lang='lat' dir='ltr'><strong>minus</strong></span> <span class='ocrx_word' id='word_1_267' title='bbox 2507 4849 2758 4905; x_wconf 83' lang='lat' dir='ltr'><strong>tamquam</strong></span> <span class='ocrx_word' id='word_1_268' title='bbox 2804 4845 3056 4907; x_wconf 86' lang='lat' dir='ltr'><strong>(tanquam</strong></span> <span class='ocrx_word' id='word_1_269' title='bbox 3103 4846 3159 4907; x_wconf 85' lang='lat' dir='ltr'><strong>T)</strong></span> <span class='ocrx_word' id='word_1_270' title='bbox 3202 4860 3263 4907; x_wconf 90' lang='grc' dir='ltr'><strong>ω,</strong></span> <span class='ocrx_word' id='word_1_271' title='bbox 3306 4846 3462 4904; x_wconf 81' lang='lat' dir='ltr'><strong>magis</strong></span> <span class='ocrx_word' id='word_1_272' title='bbox 3500 4847 3785 4892; x_wconf 78' lang='lat' dir='ltr'><strong>notavimus</strong></span> <span class='ocrx_word' id='word_1_273' title='bbox 3822 4851 4073 4907; x_wconf 82' lang='lat' dir='ltr'><strong>tamquam</strong></span> 
     </span>
     <span class='ocr_line' id='line_1_39' title="bbox 823 4929 3386 4994; baseline 0 -15"><span class='ocrx_word' id='word_1_274' title='bbox 823 4929 966 4982; x_wconf 56' lang='grc' dir='ltr'><strong>γεω*</strong></span> <span class='ocrx_word' id='word_1_275' title='bbox 1000 4935 1161 4993; x_wconf 73' lang='lat' dir='ltr'><strong>volyo,</strong></span> <span class='ocrx_word' id='word_1_276' title='bbox 1204 4933 1359 4992; x_wconf 82' lang='lat' dir='ltr'><strong>magis</strong></span> <span class='ocrx_word' id='word_1_277' title='bbox 1398 4937 1572 4979; x_wconf 88' lang='lat' dir='ltr'><strong>notum</strong></span> <span class='ocrx_word' id='word_1_278' title='bbox 1608 4937 1668 4979; x_wconf 90' lang='lat' dir='ltr'><strong>ut</strong></span> <span class='ocrx_word' id='word_1_279' title='bbox 1703 4936 1958 4991; x_wconf 80' lang='lat' dir='ltr'><strong>tamquam</strong></span> <span class='ocrx_word' id='word_1_280' title='bbox 2002 4932 2130 4990; x_wconf 84' lang='lat' dir='ltr'><strong>Toll,</strong></span> <span class='ocrx_word' id='word_1_281' title='bbox 2174 4937 2231 4979; x_wconf 88' lang='lat' dir='ltr'><strong>ut</strong></span> <span class='ocrx_word' id='word_1_282' title='bbox 2267 4932 2425 4990; x_wconf 82' lang='lat' dir='ltr'><strong>magis</strong></span> <span class='ocrx_word' id='word_1_283' title='bbox 2464 4937 2630 4978; x_wconf 87' lang='lat' dir='ltr'><strong>notam</strong></span> <span class='ocrx_word' id='word_1_284' title='bbox 2669 4933 2890 4980; x_wconf 86' lang='lat' dir='ltr'><strong>inustam</strong></span> <span class='ocrx_word' id='word_1_285' title='bbox 2927 4947 3075 4994; x_wconf 83' lang='lat' dir='ltr'><strong>quam</strong></span> <span class='ocrx_word' id='word_1_286' title='bbox 3115 4931 3386 4979; x_wconf 76' lang='lat' dir='ltr'><strong>Mommsen</strong></span> 
     </span>
    </p>

    <p class='ocr_par' dir='ltr' id='par_1_11' title="bbox 985 5013 4071 5099">
     <span class='ocr_line' id='line_1_40' title="bbox 985 5013 4071 5099; baseline -0.001 -30"><span class='ocrx_word' id='word_1_287' title='bbox 985 5014 1046 5069; x_wconf 75' lang='lat'><strong>2.</strong></span> <span class='ocrx_word' id='word_1_288' title='bbox 1122 5018 1142 5066; x_wconf 93' lang='grc'>1</span> <span class='ocrx_word' id='word_1_289' title='bbox 1185 5020 1441 5067; x_wconf 83' lang='lat' dir='ltr'><strong>uillicatus</strong></span> <span class='ocrx_word' id='word_1_290' title='bbox 1484 5018 1525 5064; x_wconf 88' lang='lat' dir='ltr'><strong>T</strong></span> <span class='ocrx_word' id='word_1_291' title='bbox 1732 5019 1754 5065; x_wconf 90' lang='grc' dir='ltr'>ῑ</span> <span class='ocrx_word' id='word_1_292' title='bbox 1791 5016 1913 5080; x_wconf 62' lang='lat' dir='ltr'><strong>&#39;filiis</strong></span> <span class='ocrx_word' id='word_1_293' title='bbox 1955 5018 1996 5063; x_wconf 87' lang='lat' dir='ltr'><strong>T</strong></span> <span class='ocrx_word' id='word_1_294' title='bbox 2029 5018 2065 5074; x_wconf 87' lang='grc' dir='ltr'><strong>(ῑ</strong></span> <span class='ocrx_word' id='word_1_295' title='bbox 2089 5016 2210 5078; x_wconf 82' lang='lat' dir='ltr'><strong>del.)</strong></span> <span class='ocrx_word' id='word_1_296' title='bbox 2435 5015 2465 5065; x_wconf 87' lang='grc'>2</span> <span class='ocrx_word' id='word_1_297' title='bbox 2508 5013 2776 5099; x_wconf 51' lang='grc' dir='ltr'><strong>ἐπίτροπος</strong></span> <span class='ocrx_word' id='word_1_298' title='bbox 2816 5022 2870 5067; x_wconf 78' lang='lat' dir='ltr'><strong>in</strong></span> <span class='ocrx_word' id='word_1_299' title='bbox 2913 5019 2953 5064; x_wconf 88' lang='lat' dir='ltr'><strong>T</strong></span> <span class='ocrx_word' id='word_1_300' title='bbox 2989 5018 3104 5068; x_wconf 81' lang='lat' dir='ltr'><strong>add.</strong></span> <span class='ocrx_word' id='word_1_301' title='bbox 3132 5015 3208 5066; x_wconf 77' lang='lat' dir='ltr'><strong>m2</strong></span> <span class='ocrx_word' id='word_1_302' title='bbox 3252 5021 3319 5079; x_wconf 79' lang='lat' dir='ltr'><strong>(in</strong></span> <span class='ocrx_word' id='word_1_303' title='bbox 3341 5034 3439 5078; x_wconf 76' lang='lat' dir='ltr'><strong>my.</strong></span> <span class='ocrx_word' id='word_1_304' title='bbox 3469 5016 3542 5065; x_wconf 87' lang='lat' dir='ltr'><strong>m¹</strong></span> <span class='ocrx_word' id='word_1_305' title='bbox 3567 5032 3657 5067; x_wconf 87' lang='lat' dir='ltr'><strong>seu</strong></span> <span class='ocrx_word' id='word_1_306' title='bbox 3683 5019 3816 5080; x_wconf 88' lang='lat' dir='ltr'><strong>quod</strong></span> <span class='ocrx_word' id='word_1_307' title='bbox 3841 5021 4071 5081; x_wconf 85' lang='lat' dir='ltr'><strong>mauolt),</strong></span> 
     </span>
    </p>
   </div>
   <div class='ocr_carea' id='block_1_11' title="bbox 811 5087 4071 5210">
    <p class='ocr_par' dir='ltr' id='par_1_12' title="bbox 811 5087 4071 5210">
     <span class='ocr_line' id='line_1_41' title="bbox 811 5087 4071 5210; baseline -0.004 -57"><span class='ocrx_word' id='word_1_308' title='bbox 811 5118 1098 5171; x_wconf 75' lang='grc' dir='ltr'>επιτροωοιι</span> <span class='ocrx_word' id='word_1_309' title='bbox 1136 5103 1204 5166; x_wconf 85' lang='grc' dir='ltr'><strong>Μ,</strong></span> <span class='ocrx_word' id='word_1_310' title='bbox 1250 5101 1495 5171; x_wconf 67' lang='grc' dir='ltr'><strong>ἐπιτρωον</strong></span> <span class='ocrx_word' id='word_1_311' title='bbox 1534 5105 1569 5164; x_wconf 86' lang='lat' dir='ltr'><strong>l,</strong></span> <span class='ocrx_word' id='word_1_312' title='bbox 1612 5100 1904 5170; x_wconf 79' lang='grc' dir='ltr'>ἐπιτροωομ</span> <span class='ocrx_word' id='word_1_313' title='bbox 1938 5121 1987 5164; x_wconf 86' lang='grc' dir='ltr'><strong>υ,</strong></span> <span class='ocrx_word' id='word_1_314' title='bbox 2028 5118 2121 5153; x_wconf 90' lang='lat' dir='ltr'><strong>om.</strong></span> <span class='ocrx_word' id='word_1_315' title='bbox 2167 5119 2270 5164; x_wconf 83' lang='lat' dir='ltr'><strong>mu,</strong></span> <span class='ocrx_word' id='word_1_316' title='bbox 2314 5087 2554 5170; x_wconf 67' lang='grc' dir='ltr'>ἐπιτροςίι</span> <span class='ocrx_word' id='word_1_317' title='bbox 2595 5105 2638 5150; x_wconf 77' lang='grc' dir='ltr'><em>Ε</em></span> <span class='ocrx_word' id='word_1_318' title='bbox 2845 5103 2874 5151; x_wconf 78' lang='grc'>4</span> <span class='ocrx_word' id='word_1_319' title='bbox 2913 5093 3111 5153; x_wconf 78' lang='lat' dir='ltr'><strong>dori⁰us</strong></span> <span class='ocrx_word' id='word_1_320' title='bbox 3147 5107 3182 5164; x_wconf 87' lang='lat' dir='ltr'><strong>l,</strong></span> <span class='ocrx_word' id='word_1_321' title='bbox 3227 5106 3613 5210; x_wconf 43' lang='lat' dir='ltr'><strong>Doti-icusbvolyo</strong></span> <span class='ocrx_word' id='word_1_322' title='bbox 3822 5105 3852 5152; x_wconf 92' lang='lat'><strong>5</strong></span> <span class='ocrx_word' id='word_1_323' title='bbox 3891 5119 4071 5166; x_wconf 85' lang='lat' dir='ltr'><strong>quere-</strong></span> 
     </span>
     <span class='ocr_line' id='line_1_42' title="bbox 3334 5179 3520 5210; baseline 0.005 -1"><span class='ocrx_word' id='word_1_324' title='bbox 3334 5179 3435 5210; x_wconf 69' lang='lat'><strong>8001·</strong></span> <span class='ocrx_word' id='word_1_325' title='bbox 3467 5181 3520 5210; x_wconf 78' lang='lat' dir='ltr'><strong>us</strong></span> 
     </span>
    </p>
   </div>
   <div class='ocr_carea' id='block_1_12' title="bbox 808 5224 4075 5634">
    <p class='ocr_par' dir='ltr' id='par_1_13' title="bbox 808 5224 4075 5634">
     <span class='ocr_line' id='line_1_43' title="bbox 808 5224 4067 5286; baseline 0.001 -14"><span class='ocrx_word' id='word_1_326' title='bbox 808 5226 871 5272; x_wconf 92' lang='lat' dir='ltr'><strong>lis</strong></span> <span class='ocrx_word' id='word_1_327' title='bbox 911 5239 954 5272; x_wconf 90' lang='grc' dir='ltr'><strong><em>ω</em></strong></span> <span class='ocrx_word' id='word_1_328' title='bbox 1181 5227 1361 5274; x_wconf 85' lang='lat' dir='ltr'><strong>asserit</strong></span> <span class='ocrx_word' id='word_1_329' title='bbox 1401 5227 1441 5271; x_wconf 85' lang='lat' dir='ltr'><strong>T</strong></span> <span class='ocrx_word' id='word_1_330' title='bbox 1670 5224 1697 5272; x_wconf 83' lang='lat'><strong>7</strong></span> <span class='ocrx_word' id='word_1_331' title='bbox 1738 5226 2014 5273; x_wconf 87' lang='lat' dir='ltr'><strong>comminus</strong></span> <span class='ocrx_word' id='word_1_332' title='bbox 2051 5226 2134 5286; x_wconf 83' lang='lat' dir='ltr'><strong>lE,</strong></span> <span class='ocrx_word' id='word_1_333' title='bbox 2175 5226 2402 5272; x_wconf 86' lang='lat' dir='ltr'><strong>cominus</strong></span> <span class='ocrx_word' id='word_1_334' title='bbox 2437 5232 2527 5275; x_wconf 78' lang='lat' dir='ltr'><strong>eet.</strong></span> <span class='ocrx_word' id='word_1_335' title='bbox 2760 5225 2791 5274; x_wconf 88' lang='grc'>9</span> <span class='ocrx_word' id='word_1_336' title='bbox 2829 5226 3030 5274; x_wconf 82' lang='lat' dir='ltr'><strong>atribux</strong></span> <span class='ocrx_word' id='word_1_337' title='bbox 3074 5224 3267 5286; x_wconf 82' lang='lat' dir='ltr'><strong>TMvE,</strong></span> <span class='ocrx_word' id='word_1_338' title='bbox 3310 5226 3510 5273; x_wconf 81' lang='lat' dir='ltr'><strong>atribux</strong></span> <span class='ocrx_word' id='word_1_339' title='bbox 3547 5228 3583 5284; x_wconf 84' lang='lat' dir='ltr'><strong>l,</strong></span> <span class='ocrx_word' id='word_1_340' title='bbox 3628 5227 3819 5274; x_wconf 68' lang='lat' dir='ltr'><strong>utribus</strong></span> <span class='ocrx_word' id='word_1_341' title='bbox 3854 5241 3958 5286; x_wconf 74' lang='lat' dir='ltr'><strong>mn,</strong></span> <span class='ocrx_word' id='word_1_342' title='bbox 3998 5225 4067 5285; x_wconf 76' lang='lat' dir='ltr'><strong>cf.</strong></span> 
     </span>
     <span class='ocr_line' id='line_1_44' title="bbox 811 5309 4074 5380; baseline 0 -21"><span class='ocrx_word' id='word_1_343' title='bbox 811 5311 913 5361; x_wconf 74' lang='lat' dir='ltr'><strong>ind.</strong></span> <span class='ocrx_word' id='word_1_344' title='bbox 958 5327 999 5359; x_wconf 74' lang='lat' dir='ltr'><strong>s.</strong></span> <span class='ocrx_word' id='word_1_345' title='bbox 1037 5327 1086 5360; x_wconf 83' lang='lat' dir='ltr'><strong>v.</strong></span> <span class='ocrx_word' id='word_1_346' title='bbox 1126 5313 1358 5372; x_wconf 79' lang='lat' dir='ltr'><strong>atribnx3</strong></span> <span class='ocrx_word' id='word_1_347' title='bbox 1416 5313 1625 5359; x_wconf 88' lang='lat' dir='ltr'><strong>attubus</strong></span> <span class='ocrx_word' id='word_1_348' title='bbox 1664 5312 1798 5361; x_wconf 78' lang='lat' dir='ltr'><strong>Scnl.</strong></span> <span class='ocrx_word' id='word_1_349' title='bbox 1841 5313 1982 5370; x_wconf 77' lang='lat' dir='ltr'><strong>volyo</strong></span> <span class='ocrx_word' id='word_1_350' title='bbox 2026 5310 2111 5373; x_wconf 79' lang='lat' dir='ltr'><strong>(cs.</strong></span> <span class='ocrx_word' id='word_1_351' title='bbox 2154 5313 2299 5370; x_wconf 70' lang='lat' dir='ltr'><strong>ytoss.</strong></span> <span class='ocrx_word' id='word_1_352' title='bbox 2343 5311 2537 5360; x_wconf 73' lang='lat' dir='ltr'><strong>Philox.</strong></span> <span class='ocrx_word' id='word_1_353' title='bbox 2576 5329 2628 5373; x_wconf 82' lang='lat' dir='ltr'><strong>p.</strong></span> <span class='ocrx_word' id='word_1_354' title='bbox 2672 5315 2755 5370; x_wconf 73' lang='lat'><strong>95,</strong></span> <span class='ocrx_word' id='word_1_355' title='bbox 2802 5315 2863 5359; x_wconf 73' lang='lat'><strong>19</strong></span> <span class='ocrx_word' id='word_1_356' title='bbox 2900 5314 3112 5359; x_wconf 83' lang='lat' dir='ltr'><strong>atnbns:</strong></span> <span class='ocrx_word' id='word_1_357' title='bbox 3156 5309 3454 5380; x_wconf 74' lang='grc' dir='ltr'><strong>μογιλάλος,</strong></span> <span class='ocrx_word' id='word_1_358' title='bbox 3500 5309 3712 5380; x_wconf 58' lang='lat' dir='ltr'><strong>fao-(7653</strong></span> <span class='ocrx_word' id='word_1_359' title='bbox 3773 5311 3909 5360; x_wconf 77' lang='lat' dir='ltr'><strong>unde</strong></span> <span class='ocrx_word' id='word_1_360' title='bbox 3941 5316 4074 5372; x_wconf 77' lang='lat' dir='ltr'><strong>patet</strong></span> 
     </span>
     <span class='ocr_line' id='line_1_45' title="bbox 809 5394 4075 5461; baseline 0 -17"><span class='ocrx_word' id='word_1_361' title='bbox 809 5400 992 5445; x_wconf 88' lang='lat' dir='ltr'><strong>atubus</strong></span> <span class='ocrx_word' id='word_1_362' title='bbox 1029 5397 1156 5446; x_wconf 80' lang='lat' dir='ltr'><strong>idem</strong></span> <span class='ocrx_word' id='word_1_363' title='bbox 1191 5413 1288 5445; x_wconf 76' lang='lat' dir='ltr'><strong>esse</strong></span> <span class='ocrx_word' id='word_1_364' title='bbox 1323 5404 1462 5460; x_wconf 78' lang='lat' dir='ltr'><strong>atque</strong></span> <span class='ocrx_word' id='word_1_365' title='bbox 1498 5394 1706 5458; x_wconf 81' lang='grc' dir='ltr'>ἅτυπος)</span> <span class='ocrx_word' id='word_1_366' title='bbox 1951 5397 2006 5444; x_wconf 90' lang='grc'><strong>11</strong></span> <span class='ocrx_word' id='word_1_367' title='bbox 2050 5397 2218 5445; x_wconf 84' lang='lat' dir='ltr'><strong>horres</strong></span> <span class='ocrx_word' id='word_1_368' title='bbox 2262 5398 2303 5442; x_wconf 94' lang='grc' dir='ltr'><em>Τ</em></span> <span class='ocrx_word' id='word_1_369' title='bbox 2519 5398 2578 5447; x_wconf 85' lang='grc'><strong>12</strong></span> <span class='ocrx_word' id='word_1_370' title='bbox 2616 5400 2832 5446; x_wconf 78' lang='lat' dir='ltr'><strong>echinus</strong></span> <span class='ocrx_word' id='word_1_371' title='bbox 2875 5399 2916 5444; x_wconf 90' lang='grc' dir='ltr'><strong>Τ</strong></span> <span class='ocrx_word' id='word_1_372' title='bbox 3128 5398 3188 5446; x_wconf 79' lang='grc'><strong>14</strong></span> <span class='ocrx_word' id='word_1_373' title='bbox 3227 5399 3385 5446; x_wconf 86' lang='lat' dir='ltr'><strong>uillici</strong></span> <span class='ocrx_word' id='word_1_374' title='bbox 3429 5399 3469 5444; x_wconf 86' lang='lat' dir='ltr'><strong>T</strong></span> <span class='ocrx_word' id='word_1_375' title='bbox 3683 5397 3744 5445; x_wconf 84' lang='lat'><strong>15</strong></span> <span class='ocrx_word' id='word_1_376' title='bbox 3775 5401 4075 5461; x_wconf 70' lang='lat' dir='ltr'><strong>‘prequostna</strong></span> 
     </span>
     <span class='ocr_line' id='line_1_46' title="bbox 813 5483 4073 5546; baseline 0 -17"><span class='ocrx_word' id='word_1_377' title='bbox 813 5484 870 5544; x_wconf 90' lang='lat' dir='ltr'><strong>T,</strong></span> <span class='ocrx_word' id='word_1_378' title='bbox 930 5484 1166 5546; x_wconf 65' lang='lat' dir='ltr'><strong>Fquoqua</strong></span> <span class='ocrx_word' id='word_1_379' title='bbox 1203 5484 1361 5546; x_wconf 83' lang='lat' dir='ltr'><strong>Mmu,</strong></span> <span class='ocrx_word' id='word_1_380' title='bbox 1421 5497 1697 5546; x_wconf 84' lang='lat' dir='ltr'><strong>praecoqua</strong></span> <span class='ocrx_word' id='word_1_381' title='bbox 1733 5485 1849 5544; x_wconf 83' lang='lat' dir='ltr'><strong>lvE,</strong></span> <span class='ocrx_word' id='word_1_382' title='bbox 1904 5485 2167 5546; x_wconf 83' lang='lat' dir='ltr'><strong>praecoqui</strong></span> <span class='ocrx_word' id='word_1_383' title='bbox 2205 5483 2450 5533; x_wconf 71' lang='lat' dir='ltr'><strong>Baehrens</strong></span> <span class='ocrx_word' id='word_1_384' title='bbox 2733 5484 2790 5531; x_wconf 83' lang='lat'><strong>17</strong></span> <span class='ocrx_word' id='word_1_385' title='bbox 2832 5485 3022 5532; x_wconf 88' lang='lat' dir='ltr'><strong>coelum</strong></span> <span class='ocrx_word' id='word_1_386' title='bbox 3070 5486 3322 5532; x_wconf 80' lang='lat' dir='ltr'><strong>lacescens</strong></span> <span class='ocrx_word' id='word_1_387' title='bbox 3363 5485 3405 5531; x_wconf 89' lang='lat' dir='ltr'><strong>T</strong></span> <span class='ocrx_word' id='word_1_388' title='bbox 3687 5483 3748 5532; x_wconf 85' lang='lat'><strong>18</strong></span> <span class='ocrx_word' id='word_1_389' title='bbox 3786 5486 3989 5533; x_wconf 79' lang='lat' dir='ltr'><strong>coelites</strong></span> <span class='ocrx_word' id='word_1_390' title='bbox 4032 5484 4073 5529; x_wconf 84' lang='lat' dir='ltr'><strong>T</strong></span> 
     </span>
     <span class='ocr_line' id='line_1_47' title="bbox 811 5568 4067 5634; baseline 0 -18"><span class='ocrx_word' id='word_1_391' title='bbox 811 5569 872 5618; x_wconf 88' lang='grc'><strong>19</strong></span> <span class='ocrx_word' id='word_1_392' title='bbox 910 5583 1095 5629; x_wconf 81' lang='lat' dir='ltr'><strong>gnarus</strong></span> <span class='ocrx_word' id='word_1_393' title='bbox 1134 5569 1191 5616; x_wconf 99' lang='lat' dir='ltr'><strong>M</strong></span> <span class='ocrx_word' id='word_1_394' title='bbox 1465 5569 1530 5618; x_wconf 82' lang='grc'><strong>20</strong></span> <span class='ocrx_word' id='word_1_395' title='bbox 1568 5585 1771 5631; x_wconf 87' lang='lat' dir='ltr'><strong>promus</strong></span> <span class='ocrx_word' id='word_1_396' title='bbox 1810 5569 1868 5616; x_wconf 86' lang='lat' dir='ltr'><strong>M</strong></span> <span class='ocrx_word' id='word_1_397' title='bbox 1906 5571 2019 5632; x_wconf 87' lang='lat' dir='ltr'><strong>(om.</strong></span> <span class='ocrx_word' id='word_1_398' title='bbox 2061 5571 2174 5631; x_wconf 86' lang='lat' dir='ltr'><strong>que)</strong></span> <span class='ocrx_word' id='word_1_399' title='bbox 2426 5569 2578 5617; x_wconf 88' lang='lat' dir='ltr'><strong>codus</strong></span> <span class='ocrx_word' id='word_1_400' title='bbox 2617 5568 2674 5616; x_wconf 85' lang='lat' dir='ltr'><strong>M</strong></span> <span class='ocrx_word' id='word_1_401' title='bbox 2947 5569 3013 5617; x_wconf 87' lang='grc'><strong>23</strong></span> <span class='ocrx_word' id='word_1_402' title='bbox 3051 5576 3397 5630; x_wconf 83' lang='lat' dir='ltr'><strong>mereaturque</strong></span> <span class='ocrx_word' id='word_1_403' title='bbox 3439 5570 3496 5632; x_wconf 84' lang='lat' dir='ltr'><strong>T,</strong></span> <span class='ocrx_word' id='word_1_404' title='bbox 3546 5576 3793 5619; x_wconf 76' lang='lat' dir='ltr'><strong>mercatur</strong></span> <span class='ocrx_word' id='word_1_405' title='bbox 3827 5584 3923 5632; x_wconf 88' lang='lat' dir='ltr'><strong>quo</strong></span> <span class='ocrx_word' id='word_1_406' title='bbox 3963 5569 4067 5634; x_wconf 58' lang='lat' dir='ltr'><strong>Ml,</strong></span> 
     </span>
    </p>
   </div>
   <div class='ocr_carea' id='block_1_13' title="bbox 805 5655 4077 5804">
    <p class='ocr_par' dir='ltr' id='par_1_14' title="bbox 805 5655 4077 5804">
     <span class='ocr_line' id='line_1_48' title="bbox 807 5655 4074 5718; baseline -0 -15"><span class='ocrx_word' id='word_1_407' title='bbox 807 5661 1056 5704; x_wconf 85' lang='lat' dir='ltr'><strong>mercatur</strong></span> <span class='ocrx_word' id='word_1_408' title='bbox 1091 5670 1192 5704; x_wconf 86' lang='lat' dir='ltr'><strong>rem</strong></span> <span class='ocrx_word' id='word_1_409' title='bbox 1231 5669 1425 5717; x_wconf 88' lang='lat' dir='ltr'><strong>quoquo</strong></span> <span class='ocrx_word' id='word_1_410' title='bbox 1463 5656 1603 5715; x_wconf 62' lang='lat' dir='ltr'><strong>Par„</strong></span> <span class='ocrx_word' id='word_1_411' title='bbox 1648 5662 1895 5706; x_wconf 85' lang='lat' dir='ltr'><strong>mercatur</strong></span> <span class='ocrx_word' id='word_1_412' title='bbox 1930 5672 1962 5703; x_wconf 56' lang='grc' dir='ltr'>ι</span> <span class='ocrx_word' id='word_1_413' title='bbox 1999 5670 2197 5717; x_wconf 87' lang='lat' dir='ltr'><strong>quoquo</strong></span> <span class='ocrx_word' id='word_1_414' title='bbox 2233 5656 2367 5705; x_wconf 80' lang='lat' dir='ltr'><strong>Scal.</strong></span> <span class='ocrx_word' id='word_1_415' title='bbox 2410 5658 2569 5716; x_wconf 82' lang='lat' dir='ltr'><strong>vol90,</strong></span> <span class='ocrx_word' id='word_1_416' title='bbox 2618 5660 2865 5703; x_wconf 85' lang='lat' dir='ltr'><strong>mercatur</strong></span> <span class='ocrx_word' id='word_1_417' title='bbox 2901 5657 2955 5703; x_wconf 91' lang='lat' dir='ltr'><strong>in</strong></span> <span class='ocrx_word' id='word_1_418' title='bbox 2992 5668 3187 5718; x_wconf 83' lang='lat' dir='ltr'><strong>quoquo</strong></span> <span class='ocrx_word' id='word_1_419' title='bbox 3231 5655 3338 5705; x_wconf 79' lang='lat' dir='ltr'><strong>Vin.</strong></span> <span class='ocrx_word' id='word_1_420' title='bbox 3622 5657 3801 5704; x_wconf 85' lang='lat' dir='ltr'><strong>maluit</strong></span> <span class='ocrx_word' id='word_1_421' title='bbox 3836 5662 4074 5704; x_wconf 81' lang='lat' dir='ltr'><strong>mercator</strong></span> 
     </span>
     <span class='ocr_line' id='line_1_49' title="bbox 805 5740 4077 5804; baseline 0.001 -18"><span class='ocrx_word' id='word_1_422' title='bbox 805 5741 861 5789; x_wconf 82' lang='lat' dir='ltr'><strong>in</strong></span> <span class='ocrx_word' id='word_1_423' title='bbox 898 5754 1096 5802; x_wconf 90' lang='lat' dir='ltr'><strong>quoquo</strong></span> <span class='ocrx_word' id='word_1_424' title='bbox 1132 5747 1221 5789; x_wconf 74' lang='lat' dir='ltr'><strong>etc.</strong></span> <span class='ocrx_word' id='word_1_425' title='bbox 1253 5740 1523 5790; x_wconf 75' lang='lat' dir='ltr'><strong>Mommsen</strong></span> <span class='ocrx_word' id='word_1_426' title='bbox 1733 5745 1861 5790; x_wconf 77' lang='lat' dir='ltr'><strong>ferro</strong></span> <span class='ocrx_word' id='word_1_427' title='bbox 1900 5741 1957 5789; x_wconf 85' lang='lat' dir='ltr'><strong>M</strong></span> <span class='ocrx_word' id='word_1_428' title='bbox 2162 5741 2228 5791; x_wconf 76' lang='lat'><strong>24</strong></span> <span class='ocrx_word' id='word_1_429' title='bbox 2266 5747 2490 5790; x_wconf 82' lang='lat' dir='ltr'><strong>mutatus</strong></span> <span class='ocrx_word' id='word_1_430' title='bbox 2526 5758 2631 5803; x_wconf 70' lang='lat'><strong>⁶90,</strong></span> <span class='ocrx_word' id='word_1_431' title='bbox 2673 5746 2896 5789; x_wconf 84' lang='lat' dir='ltr'><strong>mutatur</strong></span> <span class='ocrx_word' id='word_1_432' title='bbox 2935 5757 2998 5804; x_wconf 89' lang='grc' dir='ltr'><strong>ω,</strong></span> <span class='ocrx_word' id='word_1_433' title='bbox 3042 5748 3301 5791; x_wconf 88' lang='lat' dir='ltr'><strong>mutuatur</strong></span> <span class='ocrx_word' id='word_1_434' title='bbox 3340 5740 3486 5791; x_wconf 61' lang='lat' dir='ltr'><strong>Venss</strong></span> <span class='ocrx_word' id='word_1_435' title='bbox 3508 5745 3651 5803; x_wconf 77' lang='lat' dir='ltr'><strong>volyo</strong></span> <span class='ocrx_word' id='word_1_436' title='bbox 3862 5743 3994 5790; x_wconf 85' lang='lat' dir='ltr'><strong>ssden</strong></span> <span class='ocrx_word' id='word_1_437' title='bbox 4038 5742 4077 5789; x_wconf 87' lang='grc' dir='ltr'><em>Τ</em></span> 
     </span>
    </p>
   </div>
  </div>
 </body>
</html>
