4630 6435
763 429 879 490 108
2227 434 2535 490 AVSONll

1421 624 1878 707 interrogatus,
1940 645 2130 708 quem
2177 625 2476 690 Solonem
2524 626 2770 692 diceret

1225 747 1314 788 120
1422 733 1487 793 et
1530 747 1721 811 quam
1768 725 1983 792 ciendi
2025 747 2287 792 causam
2335 728 2602 795 haberet
2644 730 2947 811 nominis,

1423 828 1656 895 seriem
1700 850 1815 914 per
1858 850 2107 896 omnem
2156 837 2387 896 cuncta
2431 830 2571 915 regi
2617 832 2934 899 edisserit.

1422 932 1759 998 miseratur
1801 933 1916 998 ille
1960 934 2218 1017 vimque
2264 933 2557 1000 fortunae
2602 935 2833 1001 videns
3427 960 3486 996 ,κα

1422 1036 1647 1102 laudat
1689 1038 2019 1119 Solonem,
2073 1038 2379 1103 Croesum
2428 1038 2620 1124 (iam)
2666 1039 2734 1103 in
2780 1040 3004 1105 amicis
3052 1041 3247 1105 habet

1422 1139 1831 1223 vinctumque
1875 1140 2123 1225 pedicis
2169 1141 2385 1206 aureis
2430 1161 2646 1207 secum
2691 1142 2870 1207 iubet

1223 1264 1314 1305 ηε
1421 1243 1738 1326 reliquum
1785 1244 1955 1328 quod
1999 1251 2173 1310 esset
2216 1244 2391 1310 vitae
2434 1252 2637 1310 totum
2682 1246 2944 1330 degere.

1422 1367 1543 1429 ego
1589 1346 1855 1413 duorum
1902 1367 2127 1431 regum
2171 1348 2536 1413 testimonio

1422 1449 1724 1514 laudatus
1770 1457 1833 1514 et
1877 1452 2182 1534 probatus
2229 1451 2543 1516 ambobus
2587 1451 2703 1515 fui.
3430 1477 3489 1513 ⁵⁵

1421 1552 1719 1635 quodque
1755 1552 1875 1647 ,uni
1919 1553 2160 1619 dictum
2206 1560 2331 1634 est,
2386 1553 2655 1637 quisque
2701 1554 2822 1619 sibi
2869 1554 3107 1620 dictum
3154 1564 3353 1640 putet.

1422 1676 1543 1739 ego
1590 1656 1719 1721 iam
1765 1658 2018 1741 peregi,
2075 1677 2203 1740 qua
2248 1658 2331 1723 de
2378 1677 2577 1723 causa
2621 1657 2744 1722 huc
2788 1657 3017 1741 prodii.

1225 1782 1314 1820 1³0
1424 1761 1602 1827 venit
1647 1781 1795 1827 ecce
1841 1760 2091 1827 Chilon.
2189 1781 2302 1827 vos
2351 1762 2565 1826 valete
2611 1767 2676 1827 et
2720 1760 3032 1845 plaudite.

2204 2034 2548 2101 CHILON.

1422 2191 1651 2255 Lumbi
1698 2190 2014 2271 sedendo,
2067 2189 2237 2255 oculi
2282 2192 2632 2275 spectando
2677 2191 2927 2274 dolent,
3784 2216 3866 2275 (v)
3910 2214 4008 2264 303

1420 2293 1738 2359 manendo
1782 2294 2111 2375 Solonem,
2164 2293 2380 2377 quoad
2424 2314 2569 2360 sese
2614 2295 2901 2380 recipiat.

1422 2398 1532 2463 hui
1577 2419 1768 2481 quam
1815 2399 2061 2482 pauca!
2115 2398 2225 2463 diu
2272 2398 2567 2464 locuntur
2608 2399 2826 2464 Attici.

1419 2522 1615 2566 unam
1659 2500 2299 2566 trecentis'versibus
2347 2501 2729 2567 sententiam

1219 2626 1312 2666 135
1418 2604 1681 2671 tandem
1725 2603 1976 2689 peregit
2019 2624 2248 2687 meque
2294 2611 2668 2689 respectans
2713 2606 2867 2670 abit.
3463 2629 3489 2667 5

1421 2706 1779 2791 Spartanus
1824 2726 1945 2789 ego
1993 2726 2133 2771 sum
2180 2706 2447 2788 Chilon,
2502 2707 2612 2790 qui
2656 2728 2825 2773 nunc
2870 2709 3129 2793 prodeo.

1417 2809 1734 2876 brevitate
1777 2815 1953 2889 nota,
2009 2829 2138 2892 qua
2181 2809 2473 2874 Lacones
2520 2810 2787 2890 utimur,

1420 2913 1795 2979 commendo
1840 2919 2123 2978 nostrum
2173 2912 2375 2977 Γνῶθι
2421 2909 2691 2995 σεαυτόν,
2745 2915 2959 2981 Nosce
3006 2922 3103 2995 te,

1420 3017 1591 3100 quod
1636 3017 1702 3082 in
1748 3017 2049 3082 columna
2091 3017 2218 3081 iam
2264 3023 2518 3083 tenetur
2562 3017 2902 3101 Delphica.

1223 3142 1311 3183 1⁴⁰
1422 3121 1602 3186 labor
1646 3120 1954 3185 molestus
1998 3119 2122 3185 iste
2168 3119 2358 3185 fructi
2404 3127 2504 3185 est
2550 3121 2799 3205 optimi,
3434 3144 3489 3184 ιο

1421 3224 1578 3306 quid
1622 3223 1786 3289 ferre
1831 3223 2075 3308 possis,
2128 3223 2364 3305 quidve
2410 3245 2567 3306 non,
2622 3225 2982 3290 dinoscere:

1419 3333 1611 3392 noctu
1656 3327 1931 3409 diuque,
1984 3347 2151 3409 quae
2196 3346 2415 3410 geras,
2470 3348 2635 3410 quae
2681 3328 2995 3412 gesseris,

1418 3430 1503 3495 ad
1550 3450 1752 3514 usque
1798 3429 2018 3515 puncti
2063 3430 2275 3495 tenuis
2318 3430 2522 3496 instar
2565 3451 2893 3514 quaerere.

1418 3533 1632 3600 officia
1676 3541 1929 3613 cuncta,
1984 3535 2221 3618 pudor,
2276 3534 2506 3616 honor,
2562 3536 2922 3601 constantia

1224 3659 1313 3700 ηε,
1418 3639 1483 3703 in
1530 3639 1654 3703 hoc
1698 3644 1763 3703 et
1805 3637 1924 3702 illa
1968 3645 2186 3723 spreta
2230 3638 2414 3711 nobjs
2461 3638 2686 3721 gloria..
3434 3662 3491 3700 ¹5

1422 3741 1578 3806 dixi.
1673 3742 1885 3808 valete
1930 3761 2274 3807 memores:
2332 3743 2628 3825 plausum
2674 3763 2799 3807 non
2846 3763 3075 3808 moror.

2118 4014 2635 4081 CLEOBVLVS.

1420 4169 1767 4235 Cleobulus
1814 4190 1935 4252 ego
1981 4188 2149 4246 sum,
2206 4189 2446 4253 parvae
2491 4168 2649 4233 civis
2694 4169 2977 4250 insulae,
3759 4194 3870 4253 <vn
3915 4192 4012 4241 :304

1421 4293 1696 4356 magnae
1743 4273 1860 4338 sed
1905 4280 2151 4354 auctor,
2204 4293 2333 4355 qua
2378 4273 2552 4352 cluo,
2610 4274 2998 4354 sententiae,

924 4551 1012 4601 131
1059 4552 1221 4600 Plaut.
1264 4550 1401 4599 Men.
1443 4551 1486 4596 V
1527 4549 1576 4608 3,
1619 4551 1651 4599 6
1697 4548 1832 4610 (882)

751 4700 1098 4707 μ-ῃψμ--,-

925 4790 1018 4840 119
1055 4793 1306 4852 interroga
1351 4792 1404 4850 V,
1447 4792 1778 4851 interrogatur
1820 4791 1865 4836 P
2072 4791 2156 4852 Flin
2184 4790 2242 4850 P,
2286 4805 2415 4851 quae
2454 4793 2504 4837 in
2552 4791 2639 4850 Uy.
2860 4791 2956 4839 120
2997 4792 3187 4840 sciendi
3228 4793 3299 4837 Ph
3512 4791 3599 4841 121
3645 4794 3873 4841 homnem
3911 4796 3950 4842 V

747 4884 978 4927 cunctam
1028 4878 1098 4925 Vh
1311 4876 1405 4926 122
1446 4878 1708 4925 miseratus
1743 4878 1772 4923 h
1984 4879 2242 4938 uimquem
2274 4878 2329 4937 V,
2373 4879 2476 4925 uim
2503 4878 2536 4940 εἷ
2568 4878 2595 4924 ἢ
2812 4877 2905 4927 123
2944 4893 3143 4937 crysum
3175 4879 3229 4938 V,
3271 4879 3502 4937 obrysum
3534 4878 3592 4940 P,
3634 4871 3866 4942 chr‘ffium
3916 4882 3943 4927 k

744 4966 800 5013 in
837 4964 980 5012 codd.
1019 4966 1178 5025 υοιρο,
1220 4966 1318 5011 iam
1354 4965 1406 5011 in
1445 4977 1550 5023 eqo,
1592 4963 1712 5011 hinc
1745 4964 1800 5012 in
1837 4963 2070 5011 Heinsius
2285 4961 2381 5011 124
2417 4977 2515 5011 om.
2566 4964 2606 5010 V
2812 4964 2999 5025 peditis
3039 4965 3082 5012 P
3293 4964 3388 5012 125
3427 4950 3664 5027 ῐεΙίιᾳυΐι
3710 4969 3752 5015 V
3788 4967 3839 5027 (n
3862 4968 4008 5024 erae.)

747 5051 846 5101 126
883 5065 998 5111 ergo
1035 5051 1269 5100 Heinsius
1478 5051 1688 5097 duorum
1728 5064 1753 5095 c
1788 5063 1964 5110 regum
2009 5051 2051 5098 V
2092 5049 2135 5108 (e
2170 5063 2346 5109 regum
2381 5052 2421 5106 ?)
2637 5052 2924 5099 testimonia
2963 5052 3004 5097 P
3233 5050 3328 5099 129
3366 5066 3467 5114 qua
3502 5052 3665 5100 adhuc
3701 5054 3764 5102 de
3801 5067 3950 5101 causa
3986 5053 4016 5098 h

750 5137 846 5187 130
885 5139 1002 5186 nale
1027 5138 1071 5184 P
1253 5135 1340 5185 131
1390 5138 1457 5183 mi
1483 5137 1611 5184 oculi
1646 5135 1758 5196 U9.,
1790 5137 2017 5197 oculique
2053 5133 2200 5184 Ver».⁴
2224 5136 2367 5196 volyo
2398 5136 2603 5196 (mmm
2630 5139 2684 5184 in
2708 5151 2853 5185 versu
2881 5136 3050 5185 Plane.
3081 5140 3135 5184 in
3158 5137 3372 5186 editione
3396 5140 3466 5185 mi
3491 5140 3642 5196 oculi,
3674 5142 3728 5186 in
3758 5139 3879 5188 Nov.
3907 5153 4011 5187 eze.

747 5222 915 5272 Plaut.
942 5239 995 5284 p.
1025 5225 1093 5270 72
1118 5222 1391 5280 sedendod,
1435 5222 1710 5270 Fleckeisen
1737 5228 1789 5270 et
1814 5222 1958 5283 oculi)
2181 5222 2276 5271 132
2313 5222 2475 5284 quoad
2503 5223 2563 5269 ad
2588 5223 2631 5269 P
2837 5238 2949 5271 sese
2982 5223 3026 5269 V
3053 5227 3094 5284 (e
3117 5239 3195 5284 pr.
3226 5221 3316 5286 m2)
3537 5224 3632 5273 133
3670 5225 3787 5273 huic
3820 5226 3874 5285 V,
3919 5226 4015 5273 hiis

748 5309 804 5370 P,
846 5309 1002 5371 hique
1048 5309 1157 5370 (om.
1199 5312 1365 5371 quam)
1418 5310 1528 5370 Uy„
1572 5309 1660 5356 hui
1697 5309 1725 5355 h
1762 5307 1922 5369 Luyd.
2136 5323 2286 5370 quam
2323 5324 2484 5370 pauca
2519 5323 2669 5370 quam
2706 5310 2793 5356 diu
2834 5309 2945 5371 (om.
2987 5310 3091 5371 hui)
3146 5307 3312 5372 Ven.⁴,
3360 5310 3449 5357 hui
3486 5325 3635 5371 quam
3673 5325 3834 5373 pauca
3869 5324 4014 5372 quam

744 5396 835 5443 diu
869 5397 1001 5445 scat.
1048 5399 1154 5458 (qui
1190 5397 1315 5444 illud
1351 5396 1442 5444 hui
1476 5401 1610 5443 extra
1645 5408 1840 5443 ver-eum
1875 5396 2037 5442 bocum
2072 5394 2241 5442 habere
2276 5395 2450 5456 voluit)
2494 5397 2639 5455 votyo
2865 5398 3104 5458 loquutur
3142 5397 3182 5442 V
3411 5396 3504 5445 135
3542 5398 3668 5445 abiit
3706 5397 3871 5457 codd„
3912 5398 4018 5445 abit

744 5483 878 5531 θοαὶ.
1066 5480 1160 5531 136
1199 5483 1344 5530 Chilo
1368 5483 1505 5530 Seal.
1534 5484 1676 5542 volyo
1853 5479 1948 5529 137
1988 5495 2136 5541 quam
2162 5480 2207 5527 P
2378 5483 2458 5529 usi
2491 5463 2603 5549 (usig
2635 5483 2695 5542 P)
2724 5488 2846 5529 suut
2870 5482 3034 5544 codd„
3077 5483 3266 5530 utimur
3296 5482 3555 5531 Turnebus
3759 5482 3854 5532 138
3893 5497 4017 5532 σαυ-

742 5583 828 5618 τον
878 5567 968 5628 Uo.
1187 5567 1282 5617 140
1321 5564 1475 5617 fructi
1521 5569 1561 5614 V
1598 5569 1643 5627 (v
1681 5565 1772 5626 m2)
1986 5574 2064 5615 ast
2098 5569 2337 5615 Heinsius
2548 5568 2638 5616 141
2696 5568 2986 5628 dignoscere
3023 5568 3142 5619 Par.
3183 5570 3322 5631 volyo
3536 5569 3631 5618 142
3684 5571 3830 5632 quAe
3876 5569 3917 5615 V
3952 5569 4015 5629 (Α

748 5657 801 5702 in
834 5668 936 5702 rae.
976 5652 1066 5715 m2)
1285 5653 1382 5703 143
1419 5645 1577 5701 in⁸tar
1611 5655 1650 5702 V
1678 5654 1721 5713 (s
1743 5651 1832 5715 m2)
2025 5653 2121 5701 145
2160 5660 2357 5716 spreeta
2392 5656 2444 5701 V.
2472 5683 2543 5692 —
2569 5655 2833 5703 cleobolus
2857 5654 2997 5704 codd.
3190 5654 3284 5703 147
3324 5651 3583 5702 cleobulus
3617 5656 3659 5703 V
3686 5655 3730 5716 (o
3754 5669 3792 5705 ε.
3822 5672 3872 5703 υ.
3899 5651 4009 5716 πιῆ,

741 5740 943 5791 cleobus
981 5739 1051 5788 Ph
1264 5739 1360 5789 148
1397 5745 1496 5803 qua
1531 5741 1676 5788 eleuo
1724 5740 1778 5800 V,
1820 5753 1968 5802 quam
2006 5740 2104 5788 duo
2143 5739 2196 5800 P,
2242 5754 2389 5803 quam
2427 5742 2537 5788 cluo
2582 5742 2697 5803 U9.,
2738 5754 2838 5803 qua
2874 5741 2984 5789 cluo
3022 5741 3052 5787 h
3092 5739 3230 5802 Par„
3275 5742 3364 5804 qui
3401 5741 3514 5790 cluo
3556 5741 3785 5789 Heinsius
