4630 6435
727 418 730 421 ’
776 439 855 498 54
2250 429 2553 484 AvsoNu

1699 794 1815 862 28.
1863 794 2097 860 IVLIA
2144 792 2756 859 CATAPHRONIA
2805 792 3101 856 AMITA.

1447 967 1614 1044 Quin
1660 973 1726 1032 et
1767 966 2051 1031 funereis
2096 964 2360 1030 amitam
2406 964 2712 1050 inpertire
2758 963 3100 1045 querelli8‚
3683 983 3778 1031 1b5
3821 983 4031 1041 (xxvl)

1620 1070 1840 1149 Musa,
1895 1069 2433 1152 Cataphroniam,

1444 1173 1690 1238 innuba
1736 1172 2009 1237 devotae
2056 1192 2220 1255 quae
2267 1171 2658 1255 virginitatis
2704 1189 2985 1235 amorem

1620 1296 1944 1360 parcaque
1988 1295 2152 1340 anus
2198 1276 2396 1341 coluit

1316 1401 1340 1438 ε»
1447 1386 1512 1444 et
1555 1379 1711 1443 mihi
1759 1380 1927 1463 quod
1972 1379 2209 1465 potuit,
2262 1379 2559 1462 quamvis
2604 1378 2685 1443 de
2732 1396 3018 1462 paupere
3064 1397 3350 1456 summa,

1619 1490 1823 1548 mater
1867 1484 1959 1547 uti
2003 1482 2333 1548 adtribuit.

1449 1607 1601 1668 ergo
1647 1593 2138 1651 commemorata
2186 1587 2352 1651 have
2398 1592 2839 1666 maestumque
2888 1590 3118 1648 vocata

1624 1710 1735 1773 pro
1780 1691 2103 1772 genetrice
2151 1691 2319 1754 vale.

1827 2034 1939 2099 29.
1990 2033 2221 2098 IVLIA
2268 2033 2650 2097 VENERIA
2696 2033 2991 2097 AMITA.

1761 2206 1838 2270 Et
1883 2206 2083 2270 amita
2127 2205 2408 2270 Veneria
2453 2205 2807 2289 properiter
2851 2205 3041 2285 obiit,
3658 2224 3751 2271 186
3796 2224 4031 2281 (xxvn)

1760 2310 1860 2374 cui
1909 2309 2132 2374 brevia
2175 2310 2387 2374 melea
2433 2308 2728 2373 modifica
2774 2308 3023 2374 recino:

1760 2413 1956 2491 ciniS,
2009 2413 2102 2477 uti
2149 2412 2478 2497 placidula
2526 2412 2665 2498 (ea)
2715 2433 2952 2496 supera
2996 2411 3237 2495 viguit,

1761 2519 1903 2582 loca
1947 2517 2145 2582 tacita
2189 2516 2508 2600 celeripes
2554 2516 2749 2581 adeat
2793 2515 3007 2581 Erebi.

1735 2862 1847 2928 30.
1896 2861 2130 2926 IVLIA
2173 2860 2475 2925 IDALIA
2521 2860 3091 2926 CONSOBRINA.

1760 3034 1968 3098 Parva
2013 3033 2206 3099 etiam
2254 3032 2376 3098 fuit
2419 3032 2665 3113 Idalia,
3637 3051 3730 3099 187
3776 3051 4043 3112 (xxvm)

1761 3137 2016 3202 nomine
2062 3135 2358 3221 praedita
2402 3156 2569 3219 quae
2613 3135 2902 3220 Paphiae

1763 3250 1826 3307 et
1872 3241 2154 3325 speciem
2202 3241 2431 3306 meruit
2477 3240 2767 3306 Veneria.

1761 3364 1927 3425 quae
1974 3343 2195 3426 genita
2241 3351 2340 3408 est
2387 3342 2543 3406 mihi
2589 3362 2796 3425 paene
2838 3364 3052 3407 soror:

1629 3468 1654 3505 ⁵
1764 3446 1897 3510 filia
1941 3466 2092 3510 nam
2136 3446 2259 3510 fuit
2301 3445 2461 3510 haec
2506 3446 2774 3524 amitae,

1763 3569 1956 3630 quam
2002 3549 2292 3615 celebrat
2337 3549 2455 3614 sub
2502 3549 2740 3613 honore
2784 3548 2889 3633 pio

1761 3652 1955 3718 nenia
1999 3652 2280 3718 carmine
2327 3652 2614 3718 funereo,

1765 3996 1878 4062 31.
1929 3997 2281 4062 AEMILIA
2330 3996 2717 4061 MELANIA
2766 3987 3062 4062 SOROR.

1452 4168 1731 4233 Aemilia
1778 4168 1937 4254 <et>‚
1990 4167 2096 4232 vix
2141 4174 2292 4232 nota
2339 4167 2496 4231 mihi
2542 4187 2748 4248 soror,
2806 4169 3026 4253 accipe
3071 4178 3370 4251 questus,
3614 4189 3705 4237 ies
3749 4191 4039 4251 {xxvnm

1628 4271 1865 4337 debent
1910 4291 2069 4355 quos
2116 4270 2314 4335 cineri
2361 4281 2608 4337 maesta
2652 4274 2883 4355 elegea
2927 4279 3056 4336 tue.

1453 4375 1780 4440 coniunxit
1821 4380 2069 4439 nostras
2116 4395 2450 4456 aequaeva
2491 4374 2767 4440 infantia
2812 4395 3047 4456 cunae,

1627 4498 1751 4543 uno
1797 4478 2089 4560 quamvis
2134 4485 2204 4543 tu
2251 4479 2514 4543 consule
2559 4478 2762 4542 maior
2806 4498 2973 4543 eras,

957 4771 1060 4826 28.
1133 4775 1162 4822 3
1203 4777 1352 4834 Verg.
1396 4776 1525 4822 Aen.
1568 4776 1645 4822 XI
1684 4774 1781 4822 583
1811 4789 1884 4834 sq.
1930 4776 2236 4836 virginitatis
2273 4789 2485 4823 amorem
2531 4812 2540 4821 .
2574 4812 2585 4822 .
2618 4810 2630 4823 .
2673 4776 2789 4821 colit

956 4857 1058 4912 29.
1135 4860 1156 4910 1
1199 4860 1430 4910 Diomed.
1473 4862 1537 4908 A.
1581 4860 1639 4908 G.
1684 4862 1762 4908 111
1800 4874 1851 4920 p.
1894 4859 1992 4908 513
2019 4862 2057 4908 P
2101 4863 2138 4920 (1
2178 4859 2276 4908 513
2318 4862 2377 4921 K)
2423 4860 2894 4907 proceleumaticum
2935 4865 3149 4908 metrum
3187 4868 3264 4908 est
3300 4863 3451 4922 quale
3488 4863 3609 4909 fecit
3648 4861 3865 4909 Serenus
3904 4863 4042 4908 ‘ani-

784 4950 917 4996 mula
955 4949 1189 4997 miserula
1225 4948 1503 5010 properiter
1538 4943 1687 4993 abiit'
1732 4946 1920 5007 (Seren.
1964 4949 2026 4994 fr.
2075 4947 2154 5006 11,
2195 4946 2264 5005 cs'.
2309 4948 2370 4994 L.
2412 4947 2623 4994 Mueller
2661 4946 2737 4993 Cl.
2782 4947 2899 4994 But.
2945 4947 3085 4995 Nam.
3128 4947 3190 4994 de
3229 4947 3334 4996 red.
3376 4963 3427 5011 p.
3472 4947 3553 5008 46)

957 5218 1057 5274 28.
1131 5223 1418 5271 Catari-onia
1465 5224 1506 5269 V
1730 5220 1761 5271 2
1800 5223 2066 5270 catafronii
2114 5223 2155 5268 V
2378 5223 2407 5270 3
2447 5223 2730 5283 denoteque
2778 5223 2817 5268 V
2853 5237 2976 5270 corr.
3020 5221 3153 5270 Scal.
3370 5222 3397 5270 7
3438 5225 3528 5270 abc
3581 5224 3631 5282 V,
3674 5224 3798 5271 have
3834 5224 4033 5283 Rath-se,

781 5308 851 5368 cf.
906 5310 1041 5368 Very.
1085 5310 1208 5357 Aen.
1251 5311 1330 5357 XI
1364 5313 1429 5358 97
1457 5325 1549 5370 sq„
1599 5310 1783 5356 Catull.
1834 5313 1944 5368 101,
1994 5313 2073 5366 10,
2117 5311 2339 5367 inscript.
2388 5308 2539 5357 Orell.
2584 5312 2736 5356 2663.
2784 5312 2933 5357 4732.
2980 5311 3132 5369 4734,
3188 5311 3404 5358 Visconti
3446 5309 3574 5370 Opp.
3616 5326 3725 5358 var.
3770 5312 3799 5356 Ι
3835 5314 3933 5360 106

955 5391 1055 5446 29.
1135 5394 1153 5442 l
1197 5396 1402 5443 benetia
1449 5396 1489 5443 V
1731 5395 1760 5442 2
1801 5396 1927 5441 mela
1975 5395 2027 5456 V,
2069 5395 2228 5442 melea
2268 5393 2327 5442 L.
2372 5394 2583 5443 Mueller
2814 5395 2843 5442 3
2882 5400 2940 5442 ut
2976 5395 3266 5458 placidulus
3302 5403 3418 5463 opta
3454 5397 3625 5456 uigeat
3673 5397 3727 5452 V,
3770 5398 3845 5444 uti
3881 5397 4036 5457 placi-

788 5481 905 5528 dula
931 5496 1112 5543 supera
1139 5484 1307 5541 vigeat
1334 5480 1470 5529 θοαί.
1499 5483 1662 5542 volyo,
1703 5483 1779 5528 uti
1805 5480 2053 5541 placidula
2079 5495 2259 5542 supera
2285 5494 2344 5528 ea
2367 5483 2526 5528 iaceat
2553 5482 2667 5542 Axt,
2712 5484 2784 5528 uti
2812 5481 3061 5542 placidula
3088 5494 3148 5528 ea
3173 5495 3352 5542 supera
3376 5483 3539 5542 viguit
3562 5496 3649 5542 ⁶9⁰
3841 5482 3871 5529 4
3907 5481 4038 5528 cele-

784 5569 918 5628 ripes
958 5575 1008 5617 et
1045 5568 1190 5616 adeat
1225 5568 1329 5615 loca
1366 5567 1517 5636 tacita
1555 5568 1696 5615 ereui
1736 5567 1890 5629 (erebi
1924 5565 2014 5627 7112)
2067 5566 2106 5612 V
2140 5580 2263 5615 corr.
2307 5566 2441 5616 θοαὶ.

956 5648 1057 5705 30.
1129 5654 1431 5701 consubrina
1478 5654 1519 5700 V
1722 5653 1751 5701 3
1790 5655 2009 5716 speciem
2057 5653 2110 5713 V,
2152 5655 2320 5715 speeie
2360 5653 2603 5714 Bromia,
2643 5652 2725 5700 sed
2759 5654 2837 5701 nil
2872 5653 3190 5712 mutandum,
3232 5653 3299 5713 cs.
3348 5658 3429 5711 u,
3473 5656 3504 5701 9

956 5734 1057 5791 81·
1134 5738 1155 5787 1
1199 5744 1251 5786 et
1285 5738 1401 5787 add.
1447 5739 1635 5800 Hau-tel,
1677 5739 1766 5787 hos
1804 5739 1967 5801 Luqd.
2184 5740 2286 5787 mix
2337 5740 2377 5785 V
2581 5739 2609 5788 2
2648 5740 2846 5800 elegaea
2894 5741 2935 5787 V
2973 5743 3017 5802 (a
3051 5755 3128 5801 pr.
3171 5739 3268 5788 del.
3310 5736 3400 5798 m2)
