4630 6435
866 450 947 510 22
2059 501 2065 507 ,
2353 443 2654 498 AVSONII

869 638 1327 721 praestantiam
1387 637 1934 719 eruditionemque
1983 642 2283 714 naturae,
2354 655 2543 716 quam
2607 633 2726 699 deo
2786 642 2851 700 et
2905 635 3075 718 patri
3122 642 3185 700 et
3245 635 3363 701 tibi
3424 636 3656 715 debes,
3723 637 3810 702 ad
3869 637 4131 703 alterius

872 739 1229 806 efficaciam
1274 742 1521 823 gratius
1579 748 1944 823 retorquere
2003 760 2196 821 quam
2253 738 2491 804 verius.
2586 745 2697 803 tua
2757 739 2918 804 haec
2977 739 3176 804 verba
3236 746 3385 805 sunt
3427 761 3468 805 a
3511 747 3574 805 te
3634 740 3792 805 mihi
3854 740 4119 825 scripta:

881 845 1163 910 ‘solvere
1219 851 1282 909 te
1337 845 1507 927 quod
1567 844 1806 910 debeas
1866 851 1931 908 et
1988 842 2200 908 adhuc
2259 842 2496 907 debere
2554 842 2726 925 quod
2789 842 3113 908 solveris'.
3209 864 3246 908 o
3304 844 3539 909 mentis
3597 864 3835 910 aureae
3894 844 4129 909 dictum
4170 862 4224 902 ιο

871 949 1294 1027 bratteatum,
1397 950 1496 1011 18.
1560 968 1597 1012 o
1642 947 1722 1012 de
1771 953 2026 1031 pectore
2073 944 2528 1010 candidissimo
2590 946 2781 1011 lactei
2840 946 3151 1012 sermonis
3210 946 3614 1012 alimoniam!
3711 948 4129 1031 quisquamne

869 1058 1001 1116 tam
1058 1071 1287 1135 parcus
1348 1057 1448 1116 est
1489 1052 1556 1116 in
1601 1049 2027 1116 ostentatione
2072 1048 2415 1114 beneficii?
2500 1049 2838 1132 quisquam
2900 1050 3151 1133 pondus
3212 1050 3461 1134 gratiae
3524 1070 3681 1116 suae
3741 1050 3870 1115 vim
3924 1050 4127 1117 meriti

873 1153 1203 1237 profitetur
1245 1153 1487 1219 alieni?
1531 1153 1867 1236 quisquam
1915 1152 2194 1234 denique
2240 1151 2410 1234 quod
2455 1151 2767 1235 indulget,
2825 1153 3011 1235 quasi
3041 1154 3123 1218 ab
3153 1153 3427 1218 obnoxio
3457 1152 3803 1235 deferatur,
3858 1154 4127 1238 pretium

874 1258 1118 1321 mavolt
1163 1278 1391 1322 vocare
1435 1278 1628 1339 quam
1674 1256 1951 1321 donum?
2045 1259 2148 1319 19.
2199 1261 2445 1320 certent
2487 1254 2638 1321 huic
2683 1256 3042 1321 sententiae
3088 1263 3339 1322 veteres
3382 1256 3481 1321 illi
3527 1264 3591 1321 et
3619 1257 3943 1323 Homerici
3988 1277 4130 1322 ora-

870 1367 1068 1439 tores,
1138 1361 1394 1426 subtilis
1454 1360 1733 1425 deducta
1789 1358 2071 1424 oratione
2117 1359 2453 1424 Menelaus
2512 1365 2577 1423 et
2635 1358 2839 1424 instar
2895 1359 3252 1443 profundae
3303 1359 3637 1443 grandinis
3684 1361 3911 1426 ductor
3954 1361 4225 1426 Rha-1⁵

872 1463 1126 1529 censius
1184 1471 1247 1529 et
1289 1464 1523 1530 melleo
1570 1463 1898 1529 delibutus
1944 1461 2199 1544 eloquio
2257 1461 2385 1526 iam
2447 1461 2676 1527 tertiae
2721 1462 2957 1528 Nestor
3015 1462 3273 1529 aetatiS.
3369 1463 3485 1529 sed
3545 1484 3754 1546 neque
3809 1464 3924 1530 ille
3982 1485 4131 1530 con-

873 1568 1122 1632 cinnius
1183 1569 1545 1653 eloquetur,
1615 1567 1725 1650 qui
1787 1587 1857 1632 se
1921 1566 2239 1632 Laconica
2294 1566 2612 1631 brevitate
2673 1566 2964 1650 collegit,
3035 1588 3153 1633 nec
3209 1568 3321 1633 ille
3381 1567 3758 1649 contortius,
3820 1566 3930 1650 qui
3990 1587 4128 1632 cum

873 1671 1170 1736 sensibus
1212 1671 1410 1735 verba
1455 1670 1865 1752 glomeravit,
1928 1691 2046 1735 nec
2089 1669 2212 1735 iste
2259 1670 2546 1751 dulcius,
2615 1670 2798 1734 cuius
2844 1671 3010 1736 lenis
3055 1671 3256 1737 oratio
3301 1671 3640 1737 mulcendo
3684 1672 3899 1757 potius
3942 1690 4130 1752 quam

872 1775 1306 1856 extorquendo
1371 1773 1713 1857 persuasit.
1809 1777 1914 1838 20.
1975 1774 2223 1838 solvere
2285 1779 2349 1837 te
2408 1772 2569 1838 dieis
2628 1772 2799 1856 quod
2867 1773 3108 1839 debeas
3176 1772 3247 1840 ef
3304 1774 3666 1839 debiturum
3735 1794 3914 1854 esse,
3991 1794 4129 1839 cum

873 1877 1163 1942 solveris.
1257 1877 1549 1960 Auguste
1595 1875 1878 1957 iuvenis,
1935 1875 2099 1941 caeli
2144 1875 2258 1940 tibi
2306 1882 2370 1940 et
2413 1876 2679 1940 humani
2728 1875 3047 1963 (generis)
3096 1884 3299 1943 rector
3341 1877 3462 1944 hoc
3504 1878 3776 1958 tribuat,
3833 1883 3902 1942 ut
3945 1897 4131 1963 prae-
4167 1895 4225 1937 ιο

872 1982 1041 2045 latus
1087 1980 1402 2063 antiquis,
1470 1999 1631 2064 quos
1677 1980 1869 2045 etiam
1917 1979 2242 2062 elegantia
2287 1979 2645 2045 sententiae
2689 1979 2878 2045 istius
2924 1981 3356 2062 antecessisti,
3427 1981 3652 2046 vincas
3697 1981 3957 2065 propria
4001 1981 4132 2045 sin-

871 2085 1194 2168 gulorum:
1250 2084 1319 2149 in
1350 2084 1646 2149 Menelao
1691 2083 1936 2166 regiam
1981 2082 2440 2166 dignationem,
2496 2082 2565 2147 in
2594 2083 2782 2148 Vlixe
2830 2084 3261 2167 prudentiam,
3312 2085 3380 2149 in
3411 2080 3680 2150 Nestore
3712 2091 4122 2150 senectutem.

1044 2188 1120 2251 V.
1175 2191 1279 2252 21.
1332 2186 1618 2252 Subiciet
1661 2186 1930 2269 aliquis:
1992 2187 2154 2250 ‘ista
2199 2185 2500 2267 equidem
2547 2185 2824 2271 adeptus
2870 2206 2960 2265 es,
3018 2187 3132 2253 sed
3178 2189 3377 2253 effare
3423 2208 3549 2270 quo
3593 2178 3819 2253 merito
3834 2189 3888 2251 ‘1²’
3980 2188 4131 2270 quid

872 2311 974 2356 me
1019 2309 1251 2357 oneras
1296 2291 1697 2356 sciscitator?
1771 2290 2084 2355 rationem
2131 2289 2458 2355 felicitatis
2517 2310 2704 2355 nemo
2767 2289 3000 2356 reddit.
3095 2291 3256 2356 deus
3314 2298 3379 2357 et
3445 2291 3552 2374 qui
3620 2291 3743 2356 deo
3808 2292 4132 2375 proximus

873 2394 1063 2460 tacito
1106 2415 1374 2460 munera
1418 2394 1715 2478 dispertit
1757 2393 2018 2458 arbitrio
2062 2399 2129 2457 et
2173 2392 2625 2459 beneficiorum
2680 2412 2937 2458 suorum
2996 2394 3375 2478 indignatus
3434 2415 3550 2479 per
3609 2394 3901 2460 homines
3961 2400 4132 2460 stare

872 2496 1208 2575 iudicium,
1275 2497 1517 2562 mavolt
1563 2497 1643 2561 de
1691 2495 1964 2562 subditis
2023 2494 2282 2560 dedisse
2343 2496 2741 2561 miraculum.
2841 2500 2946 2588 22.
3022 2501 3229 2581 ‘quo',
3295 2497 3539 2580 inquis,
3616 2498 3951 2563 ‘merito‘l’
4014 2517 4132 2580 ego

874 2601 1121 2665 nullum
1167 2599 1321 2681 scio,
1372 2600 1495 2665 nisi
1527 2600 1697 2682 quod
1728 2607 1815 2679 tu,
1870 2599 2159 2683 piissime
2190 2599 2556 2683 imperator,
2612 2599 2851 2665 debere
2897 2606 2961 2665 te
3009 2600 3171 2665 dicis
3203 2609 3268 2666 et
3298 2601 3420 2666 hoc
3475 2601 3770 2666 ‘debere'
3819 2600 4129 2666 latissime
4168 2620 4193 2657 τι

875 2702 1180 2787 pertinet,
1236 2702 1373 2768 sive
1419 2703 1539 2769 hoc
1584 2702 1960 2768 eruditionis
2007 2708 2156 2768 tuae
2203 2702 2432 2768 faenus
2479 2702 2844 2785 existimas,
2903 2704 3039 2769 sive
3087 2704 3225 2770 sine
3273 2704 3536 2770 faenore
3581 2705 3849 2788 gloriam
3896 2704 4133 2770 libera-

872 2807 1073 2872 litatis
1118 2808 1419 2886 affectas,
1493 2807 1630 2872 sive
1676 2813 1739 2872 te
1785 2806 2068 2891 pondere
2116 2813 2464 2890 conceptae
2513 2807 2874 2890 sponsionis
2920 2828 3266 2887 exoneraS,
3337 2827 3450 2873 seu
3510 2807 3666 2873 fidei
3725 2806 4132 2872 commissum

874 2911 1074 2995 patris
1121 2909 1438 2989 exsolvis,
1500 2929 1615 2975 seu
1660 2910 2188 2994 magnanimitate
2236 2910 2502 2975 caelesti
2546 2911 2971 2976 ostentatione
3016 2930 3367 2996 suppressa
3412 2912 3515 2976 dei
3560 2929 3792 2975 munus
3835 2910 4127 2976 imitaris.

877 3017 982 3078 23.
1033 3013 1268 3080 debere
1313 3020 1376 3079 te
1423 3012 1607 3079 dicis.
1707 3014 1855 3079 cui?
1900 3013 2204 3098 quando?
2247 3034 2373 3096 quo
2405 3012 2703 3079 nomine?
2748 3015 2894 3096 lege
2927 3015 3384 3098 syngrapham,
3441 3013 3699 3079 nomina
3729 3012 4123 3090 creditorem,

875 3116 1124 3202 accepti
1168 3124 1234 3183 et
1277 3117 1545 3201 expensi
1590 3118 1851 3182 tabulae
1898 3116 2327 3182 conferantur.
2423 3116 2673 3183 videbis
2719 3117 2849 3182 alio
2897 3136 3183 3183 summae
3229 3116 3416 3183 istius
3463 3116 3735 3182 transire
3776 3116 4122 3182 rationem:
4173 3136 4224 3175 ιο

874 3220 995 3285 tibi
1040 3221 1251 3306 coepit
1294 3221 1455 3286 deus
1500 3219 1736 3286 debere
1783 3242 1895 3305 pro
1939 3221 2144 3286 nobis.
2241 3225 2347 3285 24.
2398 3221 2554 3304 quid
2600 3228 2816 3287 autem
2861 3221 3019 3286 mihi
3066 3220 3283 3302 debes,
3337 3220 3703 3304 gratissime
3748 3221 4135 3305 imperator?

874 3324 1112 3409 patitur
1155 3324 1321 3389 enim
1369 3323 1735 3390 humanitas
1779 3330 1924 3406 tua,
1993 3331 2062 3389 ut
2119 3331 2375 3409 praeter
2432 3325 2643 3408 regias
2687 3324 2955 3391 virtutes
3010 3325 3265 3408 privata
3325 3323 3764 3410 appellatione
3821 3321 4127 3390 lauderis.

876 3428 1030 3510 quid
1073 3435 1141 3493 tu
1187 3427 1347 3492 mihi
1392 3426 1591 3494 debes
1607 3434 1636 3491 ⁶?
1706 3434 1770 3494 et
1815 3434 2035 3493 contra
2079 3428 2232 3511 quid
2277 3448 2407 3493 non
2452 3447 2574 3511 ego
2618 3428 2735 3493 tibi
2782 3428 3033 3493 debeo‘l
3107 3448 3276 3493 anne
3321 3427 3494 3510 quod
3540 3428 3775 3493 docui?
3849 3427 3973 3492 hoc
4015 3447 4134 3511 ego

875 3551 1134 3614 possum
1180 3531 1392 3597 verius
1438 3539 1837 3615 retorquere,
1904 3530 2169 3613 dignum
2215 3552 2319 3597 me
2363 3532 2689 3613 habitum,
2757 3531 2867 3615 qui
2912 3531 3238 3612 docerem,
3304 3538 3398 3597 tot
3455 3530 3761 3596 facundia
3816 3529 4135 3596 doctrina÷

876 3655 1000 3716 que
1046 3641 1449 3719 praestantes
1494 3635 1803 3701 inclinata
1846 3636 1912 3699 in
1959 3656 2061 3700 me
2105 3635 2479 3718 dignatione
2524 3635 2938 3719 praeteritos,
3010 3640 3079 3699 ut
3125 3642 3297 3701 esset
3341 3655 3530 3717 quem
3583 3641 3651 3699 tu
3709 3640 3965 3698 matura
4007 3633 4133 3698 iam
4173 3654 4227 3694 ιε»

878 3744 1090 3803 aetate
1152 3739 1538 3803 succinctum
1599 3759 1716 3823 per
1773 3758 1994 3803 omnes
2055 3738 2365 3804 honorum
2427 3739 2669 3823 gradus
2726 3738 3032 3805 festinata
3088 3738 3375 3804 bonitate
3420 3737 3844 3823 proveheres,
3910 3737 4134 3802 timere

878 3845 949 3905 ut
992 3839 1334 3922 videreris,
1387 3862 1469 3907 ne
1513 3842 1582 3906 in
1628 3862 1729 3907 mc
1774 3841 1909 3906 vita
1953 3841 2291 3924 deficeret,
2365 3842 2516 3907 dum
2562 3841 2679 3907 tibi
2725 3842 2938 3907 adhuc
2982 3841 3228 3924 aliquid
3274 3841 3444 3923 quod
3490 3841 3761 3907 deberes
3806 3848 4133 3926 praestare

881 3950 1275 4027 superesset.

1051 4047 1161 4110 VI.
1216 4050 1319 4110 25.
1372 4045 1588 4130 Negat
1616 4045 1840 4113 Cicero
1887 4047 2244 4113 consularis
2290 4048 2460 4112 ultra
2505 4067 2575 4113 se
2620 4048 2861 4114 habere
2907 4047 3077 4130 quod
3107 4046 3343 4132 cupiat.
3425 4067 3548 4131 ego
3579 4054 3795 4113 autem
3823 4049 3954 4113 iam
3987 4069 4135 4114 eon-

880 4151 980 4214 sul
1027 4157 1093 4216 et
1136 4168 1335 4215 senex
1380 4149 1590 4214 adhuc
1633 4150 2011 4216 aviditatem
2071 4171 2281 4217 meam
2339 4149 2618 4216 fatebor:
2696 4157 2759 4216 te
2822 4151 3041 4216 videre
3101 4150 3365 4236 saepius
3422 4150 3490 4215 in
3549 4150 3668 4215 hoc
3726 4151 4125 4233 magistratu,

1054 4361 1175 4408 1111.
1225 4358 1285 4409 14
1322 4361 1383 4408 ll.
1428 4361 1503 4407 111
1542 4358 1640 4408 213
1667 4374 1771 4422 sqq.
1817 4356 2161 4429 ἐπιτροχάδην
2199 4398 2212 4411 .
2250 4396 2262 4409 .
2293 4396 2305 4410 .
2350 4356 2455 4410 οὐδ’
2492 4357 2896 4428 ἀφαμαρτοεπής
3143 4359 3205 4408 15
3242 4361 3365 4410 ibid.
3406 4358 3507 4408 222
3547 4357 3671 4410 ἔπεα
3707 4357 3995 4428 νιφάδεσσιν
4033 4358 4132 4410 ἐοι-

879 4445 1008 4497 κότα
1042 4443 1358 4516 χειμερίῃσιν
1538 4444 1599 4493 16
1637 4447 1694 4494 11.
1738 4447 1761 4493 1
1801 4445 1899 4494 249
1926 4460 2033 4508 sqq.
2214 4445 2279 4495 22
2315 4448 2376 4494 11.
2418 4448 2493 4494 111
2530 4446 2630 4495 215
2668 4442 2702 4513 ἢ
2740 4443 2825 4496 καὶ
2860 4443 2993 4515 γένει
3030 4441 3233 4516 ὕστερος
3267 4443 3389 4514 ἠεν;
3432 4447 3556 4496 ibid.
3586 4445 3688 4494 216
3724 4442 4011 4513 πολύμητις
4039 4483 4050 4494 .
4078 4481 4089 4493 .
4116 4482 4128 4492 .

877 4528 1173 4592 Ὀδυσσεύςς
1205 4523 1276 4581 ἸΙ.
1317 4534 1340 4580 1
1379 4531 1479 4581 250
1505 4546 1579 4593 sq.

1053 4620 1145 4668 VI.
1194 4619 1213 4667 1
1258 4620 1360 4668 Cic.
1403 4632 1490 4680 pro
1527 4619 1695 4668 Plane.
1739 4619 1820 4679 25,
1864 4619 1929 4669 60
1967 4619 2211 4669 honorum
2248 4621 2424 4682 populi
2462 4622 2577 4668 finis
2617 4625 2694 4668 est
2729 4620 3017 4668 consulatus

1054 4809 1085 4860 8
1122 4809 1584 4870 erudictionemque
1622 4807 1681 4854 M
1719 4808 1930 4869 (semper)
2215 4809 2246 4856 9
2283 4811 2556 4858 efficaciam
2594 4810 2781 4868 gratius
2826 4806 3030 4869 TMkp2‚
3071 4809 3279 4868 gratiam
3318 4810 3503 4856 rectius
3540 4805 3594 4853 1ιῖ
3635 4810 3708 4869 (in
3741 4825 3843 4870 mv.
3883 4810 3933 4858 a}
3969 4810 4134 4856 effica-

881 4900 1026 4959 ciam,
1067 4896 1119 4945 al
1153 4896 1363 4957 gratius)
1403 4900 1513 4956 cet„
1555 4896 1764 4955 gratiam
1800 4897 1991 4955 gratius
2017 4895 2193 4956 Delph.
2416 4897 2476 4945 10
2514 4897 2696 4943 debeas
2726 4891 2935 4956 TMkp2,
2974 4894 3191 4956 debebas
3228 4893 3298 4955 122,
3340 4895 3554 4942 debebas
3591 4902 3682 4944 cet.
3902 4893 3956 4968 ¹.¹
4001 4895 4136 4942 brac·

881 4984 1107 5032 theatum
1136 4983 1207 5044 M,
1246 4985 1555 5031 bracteatum
1580 4985 1670 5029 cet.
1890 4979 1950 5028 12
1987 4981 2185 5043 pondus
2210 4996 2305 5031 om.
2344 4982 2385 5028 T
2585 4981 2645 5030 13
2683 4983 2744 5028 ab
2770 4995 2866 5029 om.
2906 4977 3142 5040 Tp²muv2
3342 4980 3403 5028 14
3441 4981 3634 5028 mavult
3658 4997 3700 5029 ω
3904 4976 3967 5030 15
4003 4957 4137 5040 ¹¹yta-

881 5072 1084 5119 censius
1114 5070 1168 5130 T,
1196 5069 1481 5128 ytacensius
1519 5067 1578 5114 M
1833 5065 1893 5116 16
1932 5068 2189 5116 concinius
2232 5068 2274 5113 T
2533 5066 2595 5117 17
2633 5081 2725 5115 nec
2767 5064 2972 5127 TMkp2,
3015 5080 3181 5128 neque
3218 5064 3271 5113 1²²
3311 5066 3383 5128 (in
3418 5082 3519 5127 my.
3561 5068 3609 5116 a}
3648 5069 3757 5128 nec)
3798 5072 3887 5116 cet.
3926 5067 4068 5126 volvo

881 5156 1207 5205 consensibus
1249 5155 1291 5200 T
1526 5151 1589 5201 18
1625 5154 1835 5215 sortasse
1870 5154 1957 5201 ille
2164 5154 2393 5201 mulcedo
2433 5153 2490 5199 M
2724 5152 2784 5201 19
2824 5153 3006 5201 debeas
3048 5150 3328 5214 Tkp2h21ve,
3368 5131 3577 5202 debebas
3611 5169 3646 5214 p
3688 5153 3737 5214 (b
3771 5150 3883 5215 m2),
3926 5153 4135 5201 debebas

880 5246 971 5290 cet.
1012 5243 1153 5302 volqo
1396 5238 1462 5288 20
1498 5240 1698 5300 generis
1733 5238 1852 5288 add.
1895 5236 2034 5298 mel),
2077 5254 2173 5288 om.
2213 5245 2302 5290 cet.
2551 5238 2612 5288 21
2654 5241 2807 5287 etiam
2839 5244 2950 5299 post
2987 5240 3157 5287 vincas
3194 5239 3449 5287 transtulit
3488 5238 3747 5287 Acidalius
3990 5238 4137 5286 istius

883 5341 979 5376 om.
1027 5327 1068 5372 Τ
1275 5327 1504 5374 accesisti
1547 5327 1586 5372 Τ
1794 5324 1857 5375 22
1896 5327 2071 5386 regina
2111 5326 2152 5372 T

1057 5412 1116 5459 V.
1161 5412 1182 5461 1
1214 5413 1445 5473 equidem
1475 5409 1790 5475 Mkp²vh²eE‚
1820 5413 2028 5474 quidem
2050 5427 2085 5472 p
2116 5411 2187 5473 (in
2209 5427 2308 5472 my.
2342 5413 2593 5474 equidem)
2622 5418 2711 5461 cet.
2878 5411 2909 5460 2
2939 5413 3192 5461 scisitator
3221 5412 3262 5458 T
3421 5410 3455 5458 4
3479 5411 3672 5460 mauolt
3696 5411 3798 5474 ΜΕ,
3829 5411 4024 5459 mauult
4046 5415 4132 5458 cet.

884 5499 913 5548 5
950 5500 1179 5561 piissime
1212 5500 1275 5559 Ῥ-ι·
1317 5499 1356 5546 Τ
1566 5499 1597 5548 6
1633 5499 1813 5549 foedus
1857 5499 1898 5545 T
2103 5501 2306 5548 foenore
2353 5499 2395 5546 T
2600 5498 2632 5546 9
2668 5499 2785 5548 dici.
2828 5499 2946 5547 cui?
2981 5481 3080 5560 qiio
3108 5497 3222 5546 n'ffi‘?
3258 5478 3327 5560 ἷίῑι
3365 5504 3459 5547 est.
3500 5498 3610 5557 lege
3647 5498 3990 5559 simgraphum
4036 5497 4076 5543 T

882 5586 1160 5646 syngrafam
1202 5584 1258 5631 M
1534 5585 1591 5633 11
1633 5587 1814 5634 debere
1851 5585 1977 5633 deus
2017 5585 2059 5631 T
2323 5583 2385 5632 12
2421 5586 2558 5633 enim
2594 5600 2689 5635 om.
2740 5585 2781 5631 T
3052 5584 3113 5633 13
3151 5584 3283 5646 quod
3318 5589 3376 5632 tu
3418 5584 3460 5629 T
3667 5583 3797 5644 quod
3834 5597 3934 5632 non
3979 5581 4077 5629 TM

882 5686 972 5733 ego
1013 5674 1140 5733 (post
1176 5672 1285 5732 hoc)
1324 5685 1420 5720 om.
1469 5672 1511 5717 T
1721 5670 1783 5720 16
1821 5673 2101 5720 succintum
2139 5669 2198 5716 M
2401 5664 2696 5731 proueherls
2739 5671 2780 5716 T
2983 5673 3160 5719 timore
3198 5670 3257 5717 M
3294 5670 3356 5732 (et
3394 5667 3446 5716 112
3482 5673 3535 5717 in
3568 5671 3686 5733 my.)

1055 5759 1144 5806 vl.
1185 5756 1215 5806 2
1253 5771 1412 5805 meam
1452 5758 1551 5805 iam
1587 5754 1714 5805 ΙιῖεΕ
1745 5758 1885 5818 υοῑρο
