4630 6435
1869 472 2361 529 PARENTALIA
2402 476 2560 537 (XV).
3762 483 3842 545 43

1257 669 1321 726 te
1367 662 1489 726 sibi
1535 661 1872 727 Palladiae
1917 664 2215 730 antetulit
2258 672 2410 748 toga
2455 665 2640 731 docta
2684 667 3000 750 Tolosae,

1431 772 1494 830 te
1539 766 1982 832 Narbonensis
2031 768 2248 833 Gallia
2292 770 2699 854 praeposuit,

1255 870 1494 935 ornasti
1539 870 1722 936 cuius
1770 871 1956 936 Latio
2003 891 2294 938 sermone
2340 873 2622 939 tribunal

1430 980 1493 1038 et
1538 972 1675 1038 fora
1721 974 2098 1040 Hiberorum
2145 995 2442 1058 quaeque
2488 977 2735 1042 Novem
2784 979 3059 1063 populis.

1089 1095 1148 1135 ιε,
1255 1075 1406 1142 hinc
1449 1082 1636 1141 tenus
1682 1078 2001 1162 Europam
2050 1077 2224 1143 fama
2270 1086 2596 1145 crescente
2644 1081 2846 1165 perito

1428 1179 2021 1264 Constantinopolis
2066 1182 2319 1247 rhetore
2364 1188 2427 1247 te
2475 1184 2700 1265 viguit.

1252 1289 1321 1348 tu
1365 1303 1483 1368 per
1524 1283 1701 1348 mille
1747 1284 2003 1364 modOS,
2059 1305 2173 1369 per
2216 1285 2395 1350 mille
2441 1288 2701 1352 oracula
2746 1287 2927 1352 fandi

1427 1388 1687 1468 doctus,
1741 1387 2093 1471 facundus,
2145 1396 2214 1454 tu
2263 1391 2437 1455 celer
2482 1396 2674 1473 atque
2720 1411 2982 1457 memor.

1251 1498 1354 1572 tu,
1410 1497 1743 1575 postquam
1789 1491 2012 1576 primis
2057 1493 2273 1577 placui
2320 1493 2435 1558 tibi
2482 1493 2753 1559 traditus
2799 1494 3021 1577 anniS,

1083 1610 1145 1653 20
1425 1594 1644 1659 dixisti
1692 1601 1840 1659 nato
1884 1615 1987 1660 me
2034 1596 2194 1660 satis
2241 1615 2387 1661 esse
2435 1597 2571 1662 tibi.

1251 1718 1352 1762 me
1400 1698 1552 1777 tibi,
1608 1719 1708 1763 me
1755 1699 2047 1782 patribus
2093 1699 2334 1763 clarum
2387 1700 2585 1766 decus
2630 1720 2773 1766 esse
2821 1703 3149 1785 professus

1425 1801 1682 1866 dictasti
1727 1802 1879 1867 fatis
1926 1802 2125 1867 verba
2169 1804 2455 1868 notanda
2500 1803 2685 1869 meis.

1251 1925 1406 1989 ergo
1450 1907 1598 1970 vale
1644 1906 1936 1990 Elysiam
1983 1905 2276 1986 sortitus,
2332 1908 2686 1989 avuncule,
2742 1908 2996 1972 sedem:

1423 2011 1583 2074 haec
1628 2009 1746 2075 tibi
1791 2008 1873 2075 de
1918 2009 2118 2075 musis
2166 2010 2453 2075 carmina
2496 2010 2624 2076 libo
2671 2010 2820 2076 tuis.

1320 2304 1388 2367 6.
1437 2302 1886 2367 CAECIMVs·
1936 2301 2340 2369 ARGICIVS
2389 2302 2810 2367 ARBORIVS
2859 2303 3099 2369 AVVS.

1249 2473 1557 2539 Officiosa
1600 2473 1774 2558 pium
1821 2494 1903 2540 ne
1949 2473 2208 2556 desere,
2264 2474 2542 2558 pagina,
2597 2493 2863 2539 munus:
3563 2496 3658 2545 163
3699 2499 3835 2559 (ιιιη

1421 2586 1776 2643 maternum
1823 2585 1968 2663 post
2011 2579 2130 2643 hos
2177 2597 2749 2644 commemoremus
2795 2598 2985 2642 avum

1251 2682 1623 2763 Arborium,
1675 2681 2007 2747 Haeduico
2053 2682 2312 2747 ductum
2359 2683 2440 2748 de
2488 2689 2825 2748 stemmate
2871 2701 3139 2762 nomen,

1422 2786 1804 2870 conplexum
1851 2786 2086 2849 multas
2134 2786 2471 2851 nobilitate
2518 2786 2778 2867 domuS,

1119 2909 1144 2947 ⁵
1250 2910 1378 2972 qua
1425 2889 1877 2972 Lugdunensis
1922 2888 2251 2972 provincia
2297 2910 2552 2972 quaque
2599 2895 2894 2973 potentes

1423 2993 1726 3058 Haedues
1774 2992 2009 3076 Alpino
2054 3013 2311 3076 quaque
2359 2986 2610 3059 Vienna
2654 2992 2828 3076 iugo.

1248 3096 1475 3162 invida
1519 3103 1618 3161 set
1662 3095 1929 3161 nimium
1974 3096 2325 3179 generique
2373 3096 2735 3181 opibusque
2782 3095 3076 3180 superbis

1426 3220 1734 3266 aerumna
1775 3200 2088 3266 incubuit.
2181 3221 2459 3285 namque
2505 3220 2667 3266 avus
2712 3207 2778 3266 et
2821 3198 3074 3283 genitor

1251 3304 1624 3390 proscripti,
1678 3325 1945 3388 regnum
1993 3325 2133 3370 cum
2182 3305 2542 3371 Victorinus
2591 3305 2857 3370 haberet

1091 3427 1144 3466 ιο
1422 3409 1676 3487 †victor
1721 3415 1786 3473 et
1827 3408 1896 3472 in
1941 3407 2230 3474 Tetricos
2276 3408 2540 3474 reccidit
2585 3408 2943 3492 imperium.

1252 3518 1385 3577 tum
1433 3511 1772 3596 profugum
1820 3512 1882 3576 in
1931 3511 2153 3590 terris,
2208 3532 2324 3596 per
2369 3530 2530 3594 quas
2576 3511 2854 3595 erumpit
2897 3512 3166 3574 Aturrus

1424 3614 1838 3697 Tarbellique
1885 3615 2059 3680 furor
2101 3614 2448 3700 perstrepit
2491 3614 2768 3694 Oceani,

1251 3719 1606 3802 grassantis
1653 3718 1894 3783 dudum
1942 3719 2261 3783 Fortunae
2307 3717 2442 3782 tela
2489 3724 2834 3801 paventem

1423 3822 1727 3906 pauperis
1773 3821 2089 3887 Aemiliae
2137 3820 2426 3885 condicio
2471 3819 2785 3905 inplicuit.

1088 3944 1143 3983 ιε»
1250 3946 1396 3991 mox
1441 3926 1652 3990 tenuis
1697 3926 1897 3990 multo
1943 3924 2240 4007 quaesita
2285 3923 2561 4008 pecunia
2605 3922 2752 3987 nisu

1423 4030 1709 4094 solamen
1754 4028 1964 4110 fesso,
2025 4047 2150 4092 non
2197 4036 2262 4094 et
2305 4048 2463 4114 opes
2508 4027 2749 4093 tribuit.

1248 4141 1314 4198 tu
1364 4132 1529 4198 caeli
1575 4152 1872 4197 numeros
1917 4138 1982 4196 et
2027 4132 2285 4198 conscia
2331 4131 2545 4197 sidera
2590 4131 2707 4195 fati

1422 4236 1748 4318 callebas,
1803 4235 2082 4301 studium
2128 4235 2616 4301 dissimulanter
2659 4253 2886 4317 agens.

1249 4360 1374 4404 non
1419 4338 1642 4422 ignota
1685 4339 1801 4404 tibi
1847 4346 2104 4404 nostrae
2150 4357 2400 4421 quoque
2446 4338 2722 4404 formula
2766 4337 2967 4418 vitae,

1080 4458 1141 4500 20
1424 4442 1695 4525 signatis
1741 4462 1932 4524 quam
1978 4449 2045 4507 tu
2093 4441 2477 4508 condideras
2522 4441 2790 4520 tabulis,

1248 4544 1502 4630 prodita
1545 4565 1671 4610 non
1720 4566 2055 4629 umquam,
2110 4544 2224 4610 sed
2271 4545 2495 4610 matris
2541 4564 2696 4610 cura
2739 4543 3005 4624 retexit,

1421 4649 1650 4714 sedula
1693 4649 1864 4731 quod
1909 4648 2117 4714 timidi
2164 4668 2318 4714 cura
2360 4649 2623 4732 tegebat
2665 4648 2793 4712 avi.

762 4923 816 4972 11
858 4924 1006 4972 Mart.
1049 4925 1194 4972 vnn
1234 4925 1318 4988 99,
1362 4927 1391 4975 3
1429 4927 1680 4974 Palladiae
1719 4964 1732 4976 .
1771 4964 1782 4976 .
1817 4963 1830 4975 .
1872 4927 2078 4975 Tolosae
2288 4925 2353 4975 22
2393 4927 2518 4975 Stat.
2564 4926 2721 4974 Theb.
2764 4926 2838 4973 XI
2877 4924 2978 4973 619
3016 4925 3223 4973 dictavit
3260 4925 3376 4972 fatis

752 5007 811 5061 6.
887 5009 947 5059 17
987 5012 1136 5072 Verg.
1178 5013 1307 5061 Aen.
1348 5015 1451 5061 1111
1490 5012 1589 5062 519
1627 5019 1680 5061 ct
1715 5013 1910 5062 conscia
1947 5014 2041 5061 fati
2079 5012 2245 5060 sidera
2287 5012 2481 5074 (Manil.
2522 5013 2655 5060 Astr.
2701 5013 2721 5059 l
2766 5011 2809 5074 1)

754 5268 815 5317 14
853 5246 1130 5319 hiberorum
1167 5273 1209 5320 V
1233 5271 1283 5333 (h
1307 5270 1397 5333 m2)
1616 5272 1676 5321 15
1714 5277 1850 5319 trans
1887 5272 2135 5334 Europam
2172 5270 2417 5332 Bran-dea,
2459 5276 2610 5319 tenus
2648 5272 2882 5333 euripum
2917 5284 3003 5330 090
3039 5271 3177 5329 otim,
3218 5270 3302 5318 sed
3338 5270 3463 5319 nihil
3500 5271 3827 5334 mutandum3

572 5355 646 5415 es.
689 5355 793 5404 ind.
833 5371 873 5404 ε.
913 5373 961 5404 υ.
1001 5357 1204 5418 Europa
1436 5361 1598 5420 perita
1636 5357 1860 5405 andes
2096 5357 2157 5406 16
2194 5336 2387 5407 rhetore
2434 5358 2475 5404 V
2512 5359 2559 5416 (h
2599 5354 2700 5419 m23
2743 5362 2765 5404 t
2801 5370 2858 5404 a
2894 5371 3024 5405 corr.
3062 5354 3155 5418 πθ)
3398 5356 3459 5406 18
3496 5339 3554 5404 td
3599 5358 3638 5404 V
3669 5358 3827 5419 volyo,

576 5449 634 5489 tu
679 5442 916 5490 Graevim
1124 5442 1188 5491 23
1227 5433 1340 5503 e‘go
1383 5445 1424 5490 V
1461 5447 1501 5505 (r
1536 5442 1627 5507 m2)
1839 5421 2063 5493 ¹'alisiam
2108 5444 2155 5504 (h
2191 5442 2281 5505 mss)
2327 5435 2536 5493 agnitus
2584 5444 2626 5491 V
2828 5441 2894 5491 24
2931 5442 3191 5503 demushis
3235 5444 3276 5490 V
3315 5443 3361 5506 (h
3399 5443 3491 5490 del.
3533 5441 3624 5501 m·-')

752 5523 813 5579 6.
886 5530 1129 5588 Agrycius
1169 5528 1440 5578 Mommsen
1651 5532 1680 5578 5
1719 5536 1895 5592 potens
1942 5531 1982 5577 V
2024 5531 2159 5591 (corr.
2203 5528 2288 5590 m2)
2524 5530 2555 5578 6
2593 5528 2847 5590 haeduges
2893 5530 2933 5576 V
2972 5528 3240 5590 (haedunes
3276 5525 3375 5590 m²)‘
3582 5507 3749 5591 a¹pino
3796 5532 3835 5575 V

579 5616 616 5668 <1
652 5611 740 5674 m2)
981 5615 1010 5663 7
1048 5622 1127 5664 set
1173 5617 1213 5663 V
1255 5617 1297 5674 (d
1336 5613 1420 5676 m2)
1655 5615 1686 5664 9
1723 5599 1829 5679 quii
1877 5619 1916 5665 V
2126 5616 2186 5664 10
2225 5618 2381 5665 victor
2417 5622 2730 5678 corruptum3
2771 5617 2982 5677 sortasse
3018 5629 3115 5676 quo
3153 5618 3281 5664 victo
3317 5618 3368 5664 in
3579 5616 3753 5665 recidit
3798 5616 3837 5660 V

581 5700 644 5749 13
681 5707 963 5760 grassantes
1010 5703 1052 5748 V
1081 5716 1206 5750 corr.
1250 5702 1411 5764 Laod.
1656 5703 1716 5752 17
1755 5705 1871 5752 fatis
1919 5705 1960 5751 V
1990 5720 2116 5754 corr.
2158 5704 2325 5764 Luqd.
2569 5702 2628 5751 19
2667 5704 2904 5764 ignouta
2949 5701 2990 5747 V
3215 5702 3272 5751 21
3319 5717 3415 5750 non
3466 5705 3503 5749 V
3539 5705 3592 5764 (n
3630 5705 3716 5750 ule.
3758 5699 3832 5749 m‘2

575 5789 629 5834 in
661 5789 778 5846 me.)
999 5790 1175 5836 inatris
1210 5790 1393 5837 Vcorr.
1425 5790 1556 5838 Scal.
1770 5789 1834 5838 22
1873 5805 1972 5851 quo
2007 5793 2059 5851 V,
2102 5805 2249 5852 quum
2275 5789 2440 5848 Luyd.
2472 5791 2631 5850 volvo,
2673 5789 2801 5849 quod
2836 5789 2944 5836 Tou
3154 5791 3408 5849 tegebatui
3447 5790 3631 5839 Veorr.
3663 5788 3821 5848 Βανά.

3343 5889 3421 5940 ὃ,
