4630 6435
1816 449 2167 507 MOSELLA
2210 451 2464 515 (XVIII).
3707 457 3788 519 87

1188 660 1470 724 aequora
1513 640 1836 725 vicinique
1881 642 2110 708 timent
2154 643 2529 709 decrescere
2573 650 2847 711 montes.

1190 743 1292 808 hic
1334 750 1584 825 tamen,
1640 743 1743 809 hic
1787 752 2046 811 nostrae
2091 746 2264 811 mitis
2309 746 2588 813 balaena
2632 749 2946 814 Mosellae

1188 846 1385 912 exitio
1430 847 1647 932 procul
1695 854 1794 912 est
1838 867 2240 931 magnusque
2285 850 2487 915 honor
2532 850 2793 918 additus
2838 851 3036 917 amni.

986 973 1078 1012 ιω»
1360 951 1496 1015 Iam
1541 949 1825 1033 liquidas
1871 958 2204 1036 spectasse
2249 953 2394 1017 vias
2439 960 2504 1019 et
2548 954 2797 1020 lubrica
2843 954 3055 1039 pisces

1185 1052 1448 1136 agmina
1490 1053 2009 1139 multiplicesque
2055 1056 2214 1121 satis
2259 1076 2636 1123 numerasse
2681 1065 2998 1124 catervas.

1183 1156 1494 1222 inducant
1537 1156 1734 1222 aliam
1780 1159 2152 1243 spectacula
2195 1160 2370 1225 vitea
2413 1180 2710 1246 pompam

1186 1259 1654 1344 sollicitentque
1698 1282 1901 1345 vagos
1946 1262 2258 1329 baccheia
2302 1284 2570 1329 munera
2612 1265 2823 1346 visus,

1184 1384 1314 1446 qua
1359 1364 1652 1430 sublimis
1695 1385 1865 1448 apex
1910 1366 2103 1450 longo
2148 1386 2345 1452 super
2386 1367 2591 1435 ardua
2633 1375 2840 1435 tractu

987 1488 1078 1529 ιω»
1187 1472 1251 1531 et
1294 1487 1488 1552 rupes
1534 1474 1599 1533 et
1641 1469 1861 1552 aprica
1903 1469 2041 1552 iugi
2087 1469 2424 1553 flexusque
2470 1471 2778 1553 sinusque

1185 1569 1420 1635 vitibus
1463 1570 1824 1654 adsurgunt
1867 1573 2274 1655 naturalique
2320 1574 2594 1639 theatro.

1187 1673 1558 1739 Gauranum
1605 1674 1698 1739 sic
1742 1676 1917 1740 alma
1960 1676 2185 1759 iugum
2228 1676 2555 1742 vindemia
2599 1678 2794 1744 vestit

1185 1783 1249 1842 et
1293 1777 1649 1862 Rhodopen
1693 1779 2075 1863 proprioque
2120 1780 2327 1846 nitent
2372 1782 2678 1865 Pangaea
2724 1782 2974 1867 Lyaeo:

1185 1880 1279 1946 sic
1320 1882 1487 1948 viret
1528 1882 1837 1947 Ismarius
1883 1903 2079 1968 super
2120 1903 2403 1968 aequora
2446 1884 2725 1950 Thracia
2769 1886 2954 1951 collis
2978 1939 2992 1967 ,

986 2005 1076 2046 1⁶0
1184 1984 1279 2049 sic
1322 2005 1469 2051 mea
1512 1984 1854 2052 flaventem
1901 1986 2179 2071 pingunt
2220 1988 2443 2054 vineta
2488 1988 2903 2054 Garumnam.

1185 2088 1449 2153 summis
1493 2088 1729 2174 quippe
1775 2088 1947 2172 iugis
1993 2089 2319 2155 tendentis
2361 2091 2430 2155 in
2476 2091 2702 2157 ultima
2745 2091 2895 2156 clivi

1184 2191 1534 2257 conseritur
1576 2190 1766 2256 viridi
1812 2191 2094 2257 fluvialis
2139 2213 2363 2277 margo
2410 2194 2649 2278 Lyaeo.

1183 2294 1356 2360 laeta
1400 2314 1663 2379 operum
1709 2294 1935 2380 plebes
1981 2295 2492 2381 festinantesque
2538 2298 2744 2364 coloni

1182 2398 1421 2464 vertice
1464 2417 1635 2463 nunc
1678 2417 1928 2465 summo
1972 2406 2348 2483 properant,
2404 2420 2573 2466 nune
2618 2401 2850 2485 deiuge
2897 2401 3117 2483 dorso,

984 2522 1077 2563 165
1183 2507 1501 2567 certantes
1548 2501 1801 2568 stolidis
1846 2502 2257 2569 clamoribus.
2353 2504 2510 2571 inde
2554 2504 2763 2571 viator

1183 2604 1466 2690 riparum
1511 2604 1804 2671 subiecta
1846 2612 2093 2687 temne,
2149 2605 2298 2672 hinc
2344 2607 2566 2673 navita
2611 2608 2836 2673 labens

1183 2709 1417 2792 probra
1460 2715 1698 2774 canunt
1741 2708 1901 2774 seris
1946 2708 2323 2775 cultoribus:
2380 2711 2697 2795 adstrepit
2738 2711 2886 2777 ollis

1182 2818 1248 2877 et
1289 2830 1482 2896 rupes
1527 2818 1593 2877 et
1637 2811 1804 2876 silva
1846 2817 2128 2877 tremens
2174 2819 2239 2878 et
2283 2832 2603 2879 concavus
2648 2813 2882 2879 amnis.

1353 2915 1490 2980 Nec
1535 2915 1705 2980 solos
1750 2915 2041 2981 homines
2088 2914 2371 2981 delectat
2415 2935 2651 2982 scaena
2694 2917 3012 2982 locorum:

983 3040 1074 3079 ¹7o
1184 3016 1288 3082 hic
1330 3036 1451 3101 ego
1498 3024 1563 3083 et
1607 3025 1901 3101 agrestes
1946 3017 2213 3103 Satyros
2260 3028 2327 3084 et
2370 3019 2607 3102 glauca
2648 3025 2905 3085 tuentes

1182 3120 1433 3186 Naidas
1479 3121 1782 3186 extremis
1829 3119 2088 3187 credam
2136 3141 2511 3188 concurrere
2557 3121 2749 3207 ripis,

1182 3224 1561 3310 capripedes
1604 3225 1811 3309 agitat
1856 3245 1998 3291 cum
2045 3226 2220 3292 laeta
2263 3226 2587 3312 protervia
2631 3227 2846 3292 Panas

1178 3327 1620 3409 insultantque
1665 3326 1854 3393 vadis
1899 3327 2315 3412 trepidasque
2363 3329 2482 3395 sub
2528 3349 2718 3395 amne
2765 3349 3013 3396 sorores

689 3575 782 3624 148
821 3578 948 3625 Stat.
989 3575 1173 3624 Achill.
1217 3575 1238 3620 1
1275 3571 1375 3621 462
1413 3573 1696 3619 decrescere
1734 3577 1951 3619 montem
2191 3570 2284 3620 157
2326 3571 2610 3630 symmach.
2654 3572 2822 3636 Epist.
2867 3574 2888 3619 1
2927 3572 2957 3620 8
2997 3574 3081 3620 nbi
3121 3575 3345 3634 corniger
3380 3576 3575 3634 Lyaeus
3611 3579 3775 3638 operit

507 3676 725 3725 superna
759 3663 931 3721 Gauri,
974 3659 1100 3710 Stat.
1144 3657 1266 3709 silv.
1315 3658 1386 3705 111
1417 3657 1465 3718 1,
1496 3656 1589 3705 147
1630 3663 1823 3718 spectat
1858 3663 1911 3706 et
1947 3658 2103 3705 Icario
2137 3670 2428 3705 nemorosus
2465 3658 2671 3719 palmite
2709 3658 2908 3707 Gaurus
3125 3658 3219 3708 158
3259 3660 3405 3720 Verg.
3448 3660 3627 3720 Georg.
3669 3662 3771 3709 1111

507 3748 598 3797 461
633 3763 708 3810 sq.
924 3745 1022 3796 159
1062 3746 1208 3808 Verg.
1252 3745 1430 3805 Georg.
1471 3744 1523 3790 11
1561 3742 1624 3792 37
1652 3759 1728 3806 sq.
1770 3745 1913 3792 iuvat
1947 3745 2137 3792 Ismara
2173 3743 2364 3792 Baccho
2399 3757 2657 3793 conserere
2872 3743 2969 3793 165
2997 3759 3106 3807 sqq.
3150 3746 3267 3794 Hor.
3302 3745 3405 3795 Sat.
3436 3747 3535 3809 17,
3566 3745 3632 3796 29
3655 3762 3768 3809 sqq.

506 3847 743 3896 expressa
778 3834 979 3882 arbusto
1014 3834 1197 3893 regerit
1232 3832 1484 3890 convitia,
1539 3831 1696 3878 durus
1733 3830 2066 3878 vindemiator
2100 3837 2154 3879 et
2187 3831 2442 3890 invictus,
2498 3832 2579 3878 cui
2619 3844 2767 3892 saepe
2804 3831 2960 3878 viator
2997 3833 3234 3879 cessisset
3269 3846 3448 3892 magna
3483 3833 3772 3895 conpellans

507 3932 626 3967 voce
663 3919 895 3967 cuculum
1133 3918 1231 3967 170
1256 3932 1366 3979 sqq.
1408 3916 1536 3966 Stat.
1577 3917 1699 3968 Silv.
1743 3918 1794 3965 11
1831 3915 1882 3977 2,
1929 3915 2025 3966 100
2050 3931 2160 3979 sqq.
2201 3930 2351 3978 saepe
2388 3930 2479 3979 per
2514 3921 2814 3965 autumnum
2852 3917 2951 3965 iam
2988 3919 3297 3979 pubescente
3336 3919 3498 3978 Lyaeo
3533 3933 3772 3968 conscen-

507 4005 583 4052 dit
630 4007 856 4067 scopulos
901 4004 1160 4065 noctisque
1208 4005 1400 4052 occulta
1447 4004 1542 4050 snb
1588 4003 1761 4050 umbra
1809 4003 2016 4063 palmite
2066 4009 2260 4051 maturo
2308 4005 2524 4053 rorantia
2569 4004 2761 4051 lumina
2808 4004 2954 4051 tersit
2991 4004 3165 4051 Nereis
3203 4008 3255 4051 et
3291 4004 3467 4052 dulces
3503 4006 3674 4067 rapuit
3707 4005 3768 4052 de

505 4091 713 4139 collibus
749 4106 890 4139 uvas.
967 4104 1117 4153 saepe
1166 4094 1218 4137 et
1268 4091 1434 4138 vicino
1476 4103 1646 4152 sparsa
1682 4095 1760 4137 est
1796 4089 2052 4137 vindemia
2089 4089 2242 4137 fluctu
2280 4094 2335 4137 et
2373 4089 2533 4149 Satyri
2572 4090 2796 4137 cecidere
2834 4089 3006 4147 vadis,
3061 4090 3312 4151 udamque
3350 4104 3439 4151 per
3473 4091 3633 4139 undas
3673 4091 3770 4138 Do-

503 4179 608 4226 rida
643 4179 868 4226 montani
906 4178 1184 4238 cupierunt
1219 4175 1464 4238 prendere
1502 4176 1663 4223 Panes

679 4400 774 4449 148
812 4403 1076 4449 mitissIma
1112 4398 1172 4449 λ’
1218 4402 1355 4462 (corr.
1397 4395 1486 4450 m2}
1740 4400 1935 4448 ballena
1972 4396 2126 4462 ΘΒΧ,
2171 4399 2301 4447 balla
2338 4395 2368 4448 λ
2612 4399 2870 4448 mossollae
2909 4400 2958 4447 Χ
3236 4399 3331 4449 149
3370 4414 3682 4463 magnusque
3723 4401 3765 4448 Z

505 4489 765 4549 Boeotum,
810 4500 1087 4549 magnoque
1124 4490 1215 4536 cet.
1259 4487 1402 4545 volyo
1636 4486 1821 4547 honore
1858 4481 1887 4534 λ
2117 4485 2320 4532 additur
2352 4484 2451 4532 ΒΧ
2481 4485 2727 4545 Bocckmq
2938 4481 3038 4548 ulli
3073 4486 3213 4534 amni
3255 4486 3297 4531 Ζ
3532 4486 3629 4534 150
3658 4487 3765 4560 ‘iam

498 4609 620 4657 mai.
648 4610 742 4657 lm.
772 4610 839 4658 in.
879 4607 972 4654 ΘΖ
1156 4585 1328 4669 pisces
1359 4606 1401 4655 G
1616 4604 1706 4654 151
1749 4618 1983 4653 numeras
2008 4595 2327 4683 sglcatuflssras
2359 4604 2401 4651 Θ
2593 4618 2913 4653 enumerasse
2944 4606 3059 4665 (om.
3089 4606 3203 4668 qne)
3235 4606 3280 4653 Β
3494 4603 3587 4653 152
3622 4551 3764 4667 ῗιιξιζφ

501 4726 543 4772 G
753 4741 966 4790 ponpam
998 4728 1046 4774 Χ
1257 4725 1350 4774 153
1388 4726 1595 4775 bachaia
1621 4727 1680 4787 Β,
1724 4726 1926 4773 bacheia
1953 4725 2010 4782 Z,
2052 4725 2237 4774 bachea
2262 4723 2344 4780 λ’,
2387 4702 2564 4773 bacche
2591 4725 2640 4772 Χ
2849 4725 2943 4774 154
2983 4670 3180 4806 ιζιιέίῗξι.
3210 4725 3251 4771 Ζ
3465 4723 3560 4773 155
3599 4726 3762 4787 aprica

499 4813 542 4858 G
586 4821 633 4874 (p
669 4827 726 4860 ea:
762 4815 834 4875 b),
877 4815 1015 4876 apica
1057 4815 1099 4860 Χ
1307 4812 1518 4873 flexusq'
1565 4813 1607 4858 G
1650 4814 1712 4873 (q'
1746 4826 1802 4858 ex
1840 4816 1914 4873 u),
1967 4813 2202 4873 flexuque
2240 4809 2268 4859 λ
2481 4812 2662 4873 sinque
2701 4809 2752 4872 λ,
2791 4812 3008 4875 sinuque
3058 4812 3143 4872 Uy.
3362 4810 3455 4859 156
3493 4816 3763 4871 assurgunt

500 4897 623 4948 ΒΖλ
841 4899 936 4948 157
976 4900 1106 4947 almo
1145 4900 1189 4946 Χ
1397 4888 1558 4962 nef-,tit
1601 4897 1642 4943 Z
1687 4901 1733 4958 (n
1771 4912 1830 4944 et
1870 4902 1917 4958 u)
2141 4895 2235 4944 158
2275 4897 2489 4958 rodopen
2530 4898 2587 4954 Ζ,
2629 4897 2885 4958 hrodopen
2927 4899 2988 4959 Χ,
3028 4899 3293 4960 rhodopem
3331 4895 3359 4946 λ
3571 4910 3760 4958 pangea

504 4983 610 5047 GZ,
640 4999 794 5047 pagea
819 4986 880 5046 Χ,
910 4986 1132 5047 panchea
1155 4982 1231 5033 Βλ
1441 4986 1541 5033 lieo
1565 4985 1671 5043 ΒΖ,
1703 4971 1780 5042 ly⁶
1805 4981 1866 5032 λ*
1899 4983 1944 5043 (e
1967 4980 2054 5042 m2)
2277 4981 2374 5031 159
2413 4989 2523 5030 uret
2552 4985 2594 5030 X
2791 4983 2957 5031 ismari
2986 4981 3048 5032 λ*
3246 4984 3400 5031 tracia
3433 4983 3540 5041 ΘΖ,
3580 4959 3763 5031 thiacia

498 5069 560 5128 B,
601 5071 750 5118 tratis
788 5070 837 5117 Χ
1093 5070 1189 5120 160
1228 5072 1468 5119 fluentem
1505 5070 1549 5116 G
1592 5070 1683 5129 Uy.
1942 5082 2207 5128 garonnam
2246 5068 2307 5127 G,
2348 5082 2624 5129 garunnam
2661 5068 2756 5116 ΒΧ
3010 5068 3096 5117 161
3142 5069 3263 5116 cliui
3302 5068 3346 5116 Β
3391 5069 3504 5130 (cliu
3543 5070 3597 5118 e‘n
3632 5069 3757 5128 raa.)

502 5153 597 5204 162
633 5156 821 5203 uiridis
845 5155 891 5202 Β
919 5155 961 5215 (s
985 5159 1155 5217 ema),
1199 5158 1363 5204 uiride
1389 5158 1438 5203 Χ
1642 5157 1740 5202 lieo
1764 5153 1856 5201 ΒΖ
2054 5155 2293 5212 margalia
2323 5168 2381 5202 eo
2406 5154 2455 5201 Χ
2664 5153 2760 5204 163
2797 5155 2999 5216 plaebes
3023 5153 3085 5204 λ’
3284 5167 3382 5215 que
3409 5151 3471 5203 λ*
3502 5158 3555 5212 (a.
3586 5171 3637 5203 v.
3665 5150 3753 5212 m2)

498 5239 595 5290 ¹64
632 5243 872 5290 uerticem
909 5238 972 5290 λ*
1251 5238 1410 5307 nunc]
1448 5256 1554 5290 nun
1594 5234 1639 5287 Χ
1915 5240 1996 5288 dei
2033 5241 2149 5300 iuge
2191 5240 2232 5285 Z
2273 5237 2365 5301 (m2
2400 5236 2668 5303 dediiiige,
2720 5243 2774 5289 in
2808 5256 2906 5301 my.
2949 5241 3021 5288 m¹
3060 5241 3255 5300 deiuge)
3543 5240 3662 5288 ddso
3698 5237 3759 5289 λ*

502 5328 596 5377 165
632 5341 731 5376 om.
772 5328 820 5374 Χ
1062 5328 1183 5376 inde
1218 5329 1263 5375 Β
1304 5329 1374 5389 (in
1412 5342 1471 5375 ex
1508 5336 1592 5386 nn)
1848 5325 1944 5375 166
1981 5328 2198 5388 riparum
2238 5327 2286 5372 Χ
2324 5328 2466 5386 (corr.
2508 5340 2566 5373 ea:
2601 5328 2779 5389 ripam)
3020 5333 3203 5374 tenens
3241 5327 3283 5371 0
3529 5327 3608 5373 hic
3650 5327 3695 5372 Χ

496 5417 667 5463 nauita
708 5415 752 5460 G
794 5414 890 5476 (uit
922 5427 981 5460 ex
1015 5415 1092 5474 ut)
1306 5415 1529 5477 lambens
1564 5411 1626 5463 λ*
1861 5411 1952 5460 167
1993 5418 2181 5460 canunt
2217 5407 2367 5476 seris]
2404 5418 2578 5460 serunt
2613 5410 2641 5461 λ
2851 5415 3064 5473 astrepit
3099 5410 3218 5461 ΒΖλ
3451 5411 3546 5461 168
3583 5409 3760 5478 rupes]

495 5503 683 5549 rubens
719 5497 747 5549 λ
988 5499 1085 5548 169
1121 5514 1214 5547 nec
1249 5503 1365 5548 mai.
1409 5501 1502 5547 me.
1546 5502 1613 5549 in.
1663 5499 1753 5545 ΘΒ
1980 5499 2239 5547 hominum
2283 5499 2326 5545 G
2366 5500 2419 5558 <h
2452 5512 2509 5544 ea·
2546 5500 2590 5559 b)
2633 5502 2746 5558 cet„
2788 5498 3015 5546 homines
3062 5497 3206 5546 ναι*
3431 5512 3579 5545 scena
3612 5497 3758 5547 codd.

499 5585 596 5636 170
631 5582 746 5653 ego]
781 5578 838 5647 {t
871 5599 960 5647 ego
1001 5586 1042 5631 Z
1274 5599 1365 5645 ego
1401 5586 1463 5633 ad
1501 5591 1722 5645 agrestes
1762 5585 1834 5644 (es
1870 5598 1927 5630 a
1963 5586 2034 5644 os)
2075 5586 2253 5632 satiros
2292 5583 2340 5629 Χ
2568 5583 2708 5645 glsca
2743 5581 2805 5632 λ*
3066 5582 3155 5632 171
3201 5585 3360 5632 nudas
3401 5584 3462 5642 B,
3503 5584 3666 5631 naidis
3704 5581 3753 5636 λ.

496 5672 707 5721 Naiadas
754 5671 841 5733 Uo.
1055 5685 1347 5720 concurrere
1390 5670 1433 5717 G
1477 5672 1516 5730 (r
1551 5672 1640 5718 au.
1682 5674 1736 5717 in
1767 5675 1889 5732 ms.)
2114 5668 2208 5718 172
2246 5651 2492 5734 cappedes
2532 5670 2593 5729 Ζ,
2633 5654 2875 5732 ωρῖροάο
2914 5669 2961 5715 Χ
3167 5671 3370 5728 sagittat
3396 5671 3440 5715 Χ
3648 5681 3760 5730 pro—

494 5735 654 5807 teru¹a
696 5758 759 5818 G,
796 5758 974 5819 pronis
1011 5758 1057 5804 Χ
1265 5770 1419 5819 panos
1461 5756 1501 5800 Z
1716 5755 1809 5804 173
1849 5757 1991 5804 uadis
2036 5755 2078 5802 G
2121 5757 2176 5816 (a.
2217 5757 2307 5818 v.),
2352 5756 2501 5803 uadas
2540 5757 2587 5801 Χ
2794 5767 2893 5814 que
2934 5756 3065 5814 (post
3103 5755 3336 5816 trepidas)
3374 5769 3468 5804 om.
3513 5751 3540 5803 λ
