4630 6435
1875 426 2221 482 MOSELLA
2261 428 2512 491 (XVIII).
3750 431 3829 494 83

1073 634 1133 679 25
1245 617 1454 682 amnis
1499 616 1815 683 odorifero
1860 616 2018 701 iuga
2062 617 2236 684 vitea
2278 617 2522 684 consite
2565 618 2834 697 bacche,

1241 718 1484 786 consite
1528 721 1897 804 gramineas
1943 720 2152 787 amnis
2198 720 2589 788 viridissime
2635 721 2838 807 ripas!

1240 823 1510 907 naviger
1557 830 1626 890 ut
1668 825 1980 909 pelagus,
2037 825 2324 890 devexas
2371 845 2609 909 pronus
2654 824 2717 890 in
2764 824 2974 890 undas

1243 932 1311 991 ut
1355 926 1619 1007 fluvius,
1676 928 2003 1011 vitreoque
2051 928 2231 993 lacus
2276 928 2525 995 imitate
2571 928 2920 1013 profundo,

1240 1037 1305 1095 et
1349 1030 1521 1096 rivos
1566 1029 1819 1115 trepido
1865 1031 2031 1114 potis
2078 1031 2498 1115 aequiperare
2544 1038 2785 1111 meatu,

1071 1156 1131 1196 30
1240 1139 1304 1198 et
1347 1133 1593 1215 liquido
1638 1133 1893 1217 gelidos
1938 1135 2148 1200 fontes
2196 1132 2592 1219 praecellere
2638 1139 2825 1219 potu:

1238 1236 1452 1301 omnia
1497 1237 1674 1303 solus
1721 1237 1956 1319 habes,
2011 1259 2178 1321 quae
2226 1238 2406 1317 fons,
2458 1258 2625 1320 quae
2672 1238 2848 1304 rivus
2894 1244 2959 1302 et
3002 1237 3210 1303 amnis

1238 1345 1304 1404 et
1349 1339 1529 1405 lacus
1576 1347 1641 1406 et
1682 1339 1860 1405 bivio
1908 1340 2147 1405 refluus
2194 1341 2562 1407 manamine
2607 1349 2859 1426 pontus.

1237 1450 1306 1508 tu
1353 1443 1630 1527 placidis
1678 1445 2061 1529 praelapsus
2107 1445 2295 1528 aquis
2340 1465 2462 1511 nec
2507 1466 2831 1511 murmura
2875 1446 3053 1512 venti

1237 1547 1374 1611 ulla
1419 1567 1537 1613 nec
1580 1548 1813 1614 occulti
1859 1549 2100 1633 pateris
2147 1549 2499 1615 luctamina
2544 1550 2716 1615 saxi:

1069 1672 1130 1713 ³⁵
1237 1670 1363 1715 non
1409 1650 1697 1734 spirante
1743 1652 1911 1718 vado
1957 1653 2217 1737 rapidos
2265 1673 2610 1738 properare
2657 1659 2909 1719 meatus

1239 1753 1521 1837 cogeris,
1577 1761 1871 1821 extantes
1918 1755 2129 1822 medio
2175 1777 2300 1821 non
2346 1777 2623 1839 aequore
2669 1764 2874 1822 terras

1237 1856 1632 1942 interceptus
1679 1859 1916 1941 habes,
1968 1859 2123 1925 iusti
2169 1879 2250 1924 ne
2298 1861 2517 1925 demat
2560 1860 2866 1926 honorem

1236 1960 1546 2041 nominis,
1602 1962 1934 2028 exclusum
1983 1963 2038 2027 si
2084 1962 2336 2028 dividat
2380 1963 2594 2029 insula
2639 1964 2900 2030 flumen.

1237 2071 1306 2132 tu
1352 2063 1642 2150 duplices
1689 2066 1912 2133 sortite
1959 2067 2098 2132 vias
2144 2074 2208 2132 et
2253 2088 2396 2133 cum
2443 2088 2632 2135 amne
2679 2067 2962 2134 secundo

1067 2189 1130 2231 ιο
1238 2167 1497 2249 defluis,
1553 2177 1623 2235 ut
1667 2170 1913 2236 celeres
1959 2170 2194 2236 feriant
2239 2171 2411 2237 vada
2457 2171 2704 2237 concita
2748 2172 2940 2253 remi,

1235 2278 1300 2337 et
1343 2292 1484 2338 cum
1530 2294 1648 2357 per
1691 2273 1866 2358 ripas
1911 2294 2225 2357 nusquam
2273 2282 2568 2341 cessante
2614 2277 2893 2342 remulco

1235 2374 1575 2441 intendunt
1620 2377 1783 2441 collo
1830 2377 2143 2443 mulorum
2190 2378 2453 2444 vincula
2498 2385 2766 2457 nautae,

1234 2478 1376 2562 ipse
1420 2485 1564 2544 tuos
1609 2480 1904 2562 quotiens
1949 2480 2204 2547 miraris
2250 2481 2318 2547 in
2364 2501 2553 2546 amne
2599 2502 2896 2548 recursus

1235 2581 1684 2665 legitimosque
1730 2590 1921 2668 putas
1968 2605 2170 2670 prope
2217 2585 2484 2669 segnius
2529 2584 2621 2651 ire
2667 2586 2948 2651 meatus!

1067 2706 1130 2747 45
1235 2690 1304 2749 tu
1350 2705 1556 2767 neque
1602 2686 1926 2770 limigenis
1973 2688 2178 2772 ripam
2226 2688 2624 2773 praetexeris
2671 2688 2840 2755 ulvis

1235 2808 1355 2854 nec
1398 2789 1582 2874 piger
1624 2790 1933 2857 inmundo
1978 2791 2317 2875 perfundis
2364 2792 2553 2858 litora
2597 2813 2832 2858 caeno:

1237 2891 1410 2957 sicca
1451 2893 1519 2958 in
1564 2893 1874 2977 primores
1919 2901 2196 2978 pergunt
2242 2895 2519 2979 vestigia
2564 2895 2886 2981 lymphas.

1408 2997 1439 3062 I
1484 3017 1653 3062 nunc
1698 3004 1764 3063 et
1805 2998 2108 3082 Phrygiis
2155 2999 2295 3063 sola
2342 2997 2515 3064 levia
2558 3018 2824 3066 consere
2871 3000 3102 3066 crustis

1235 3098 1506 3168 tendens
1550 3121 1974 3166 marmoreum
2019 3102 2323 3186 laqueata
2367 3123 2482 3188 per
2526 3102 2692 3168 atria
2737 3123 3071 3188 campum:

1070 3227 1130 3267 50
1235 3210 1339 3271 ast
1381 3225 1502 3289 ego
1548 3204 1871 3291 despectis
1919 3228 2084 3289 quae
2131 3225 2366 3274 census
2410 3228 2698 3293 opesque
2744 3207 3062 3277 dederunt

1235 3315 1503 3377 naturae
1548 3308 1827 3376 mirabor
1872 3330 2068 3396 opus,
2122 3331 2248 3378 non
2294 3332 2449 3378 cura
2492 3320 2797 3397 nepotum

1235 3413 1537 3495 laetaque
1581 3412 1843 3479 iacturis
1891 3414 1998 3479 ubi
2045 3415 2402 3481 luxuriatur
2447 3421 2731 3499 egestas.

1238 3515 1342 3581 hic
1385 3516 1634 3582 solidae
1679 3523 1969 3583 sternunt
2012 3518 2297 3584 umentia
2343 3518 2529 3584 litora
2574 3518 2883 3599 harenae,

1238 3638 1356 3684 nec
1400 3618 1677 3686 retinent
1719 3639 2034 3686 memores
2079 3620 2362 3704 vestigia
2405 3641 2631 3707 pressa
2674 3623 2939 3706 figuras.

744 3895 810 3945 29
846 3897 964 3947 Hor.
1010 3897 1171 3947 Carm.
1214 3899 1263 3944 Il
1301 3897 1349 3959 3,
1384 3896 1445 3947 12
1482 3898 1688 3962 lympha
1724 3898 1879 3959 fugax
1916 3898 2165 3961 trepidare
2202 3900 2308 3947 rivo
2520 3899 2586 3948 35
2623 3900 2771 3960 Verg.
2815 3902 2942 3950 Aen.
2986 3902 3035 3950 X
3061 3899 3154 3949 291
3198 3915 3295 3962 qna
3334 3902 3456 3950 vada
3492 3915 3591 3949 non
3628 3903 3824 3964 spirant

577 3982 697 4044 (cod.
742 3983 890 4045 Med.)
1141 3982 1206 4031 42
1244 3985 1394 4044 Verg.
1438 3986 1567 4033 Aen.
1609 3985 1657 4032 11
1700 3983 1799 4033 236
1826 3999 1901 4047 sq.
1944 3986 2149 4034 vincula
2185 3987 2307 4035 collo
2343 3987 2619 4034 intendunt
2657 3987 2740 4047 (cf.
2782 3988 2897 4036 Hor.
2943 3988 3047 4036 Sat.
3088 3988 3110 4036 1
3150 3987 3201 4045 5,
3246 3984 3321 4046 18)
3568 3987 3633 4038 48
3670 3988 3816 4037 Ovid.

573 4069 734 4131 Epist.
779 4070 901 4118 XVI
939 4070 1004 4118 57
1041 4070 1057 4117 i
1095 4083 1232 4118 nunc
1267 4076 1320 4118 et
1355 4069 1592 4131 Phrygiae

735 4325 800 4375 25
837 4327 1069 4375 odoriferi
1111 4328 1154 4375 Z
1433 4270 1557 4388 lugie’
1595 4328 1656 4389 G,
1698 4342 1828 4390 guga
1866 4331 1914 4377 Χ
2178 4331 2395 4378 consiste
2434 4331 2484 4384 Χ
2746 4329 2901 4379 bacho
2939 4331 3028 4377 ΒΖ
3305 4330 3371 4379 26
3408 4333 3739 4392 grammineas
3777 4333 3824 4379 Χ

567 4410 630 4460 27
666 4413 879 4461 diuexas
910 4413 968 4475 Z,
1009 4413 1241 4463 deuexus
1268 4410 1344 4463 Β).
1521 4413 1586 4464 28
1624 4411 1704 4480 ut]
1729 4421 1780 4462 et
1811 4415 1852 4460 Z
2015 4405 2198 4463 nuui's
2225 4413 2254 4464 λ
2282 4416 2328 4478 (v
2352 4414 2442 4479 m2)
2609 4419 2841 4464 imitante
2865 4416 2909 4464 B
3084 4415 3149 4464 29
3186 4418 3322 4465 riuas
3346 4415 3410 4466 λ*
3574 4425 3751 4478 postes
3777 4416 3820 4463 G

573 4499 620 4559 (n
647 4501 819 4561 ενοι),
860 4504 1003 4562 potes
1026 4505 1139 4559 cet„
1180 4501 1308 4563 potis
1335 4498 1531 4549 Gronov
1739 4501 2062 4564 aequiparare
2093 4502 2135 4546 Z
2227 4543 2232 4547 ,
2343 4501 2408 4552 30
2445 4505 2627 4564 gelitos
2652 4505 2700 4552 Χ
2906 4502 2962 4551 31
3008 4504 3150 4550 riuus
3187 4502 3372 4550 ianthis
3397 4501 3428 4552 λ
3639 4502 3703 4550 32
3741 4504 3821 4550 bi-

564 4584 702 4632 uiore
739 4587 896 4633 fluius
927 4586 971 4631 Χ
1178 4587 1458 4634 munimine
1495 4586 1632 4634 codd.
1665 4587 1929 4649 Boeckt'ny,
1971 4587 2252 4636 manamine
2289 4588 2484 4638 Gronov
2693 4588 2756 4637 33
2795 4592 3061 4653 praelaxus
3099 4588 3147 4651 λ,
3188 4590 3446 4651 prolapsus
3492 4588 3581 4649 Ua.
3610 4590 3752 4648 volyo

564 4702 813 4737 murmure
839 4684 868 4737 λ
1079 4689 1144 4737 34
1180 4692 1372 4738 occulta
1397 4691 1444 4737 Χ
1652 4691 1807 4752 patris
1832 4689 1894 4740 λ*
2100 4664 2227 4754 ειᾳῖἰ
2256 4692 2298 4738 Ζ
2506 4692 2570 4741 35
2608 4697 2839 4754 sperante
2868 4691 3007 4753 ΒΖλ,
3050 4693 3268 4754 speranti
3295 4693 3356 4754 Χ,
3400 4699 3671 4754 superante
3698 4692 3811 4742 Par.

561 4775 704 4834 volvo
910 4788 1135 4835 reparare
1161 4775 1272 4839 ΒΖ,
1310 4789 1568 4839 preparare
1595 4777 1660 4838 Χ,
1700 4790 1920 4824 remeare
1945 4773 1974 4826 λ
2186 4774 2381 4828 mestos
2407 4779 2457 4825 Χ
2661 4777 2729 4827 36
2765 4792 2861 4826 om.
2889 4780 2935 4825 Χ
3142 4776 3208 4826 38
3245 4779 3412 4826 insula
3440 4779 3482 4825 Z
3510 4781 3589 4840 (su
3616 4781 3671 4828 in
3694 4781 3814 4840 ras.)

564 4857 628 4907 39
664 4861 838 4909 sortire
875 4856 937 4910 λ*
1172 4861 1238 4910 40
1274 4863 1456 4910 defluis
1498 4862 1540 4908 Z
1581 4863 1614 4921 (i
1652 4877 1708 4910 ex
1746 4863 1796 4923 u)
2011 4877 2204 4911 cereres
2244 4901 2255 4913 .
2291 4900 2302 4912 .
2336 4901 2349 4912 .
2390 4866 2542 4913 remis
2579 4861 2608 4914 λ
2840 4862 2901 4912 41
2945 4879 3034 4928 per
3068 4879 3163 4913 om.
3207 4866 3249 4911 Χ
3463 4877 3666 4912 nuscam
3704 4865 3753 4912 Χ

563 4936 784 5026 ιοαιιιὶέο
822 4964 865 5011 Ζ
1125 4963 1191 5013 42
1229 4965 1353 5013 colla
1396 4965 1457 5024 G,
1498 4965 1618 5013 collo
1657 4962 1684 5013 λ
1732 4965 1774 5024 (o
1810 4967 1903 5014 alt.
1945 4968 1999 5013 in
2035 4981 2135 5014 ras.
2177 4964 2267 5028 m2)
2530 4967 2770 5016 malorum
2807 4966 2949 5016 codd.
2989 4969 3151 5030 υοὶρο,
3192 4941 3435 5015 mulorum
3474 4965 3686 5028 Schcffer
3726 4967 3811 5027 (cf.

567 5050 684 5101 Hor.
728 5050 838 5100 Sat.
879 5051 910 5097 1
942 5054 992 5113 5,
1039 5052 1120 5112 18)
1403 5049 1467 5099 43
1505 5065 1760 5100 recursum
1799 5050 1828 5101 λ
2107 5053 2174 5101 44
2213 5059 2361 5115 putas
2398 5055 2445 5101 Χ
2485 5054 2530 5116 (a
2566 5069 2623 5102 ex
2659 5054 2703 5113 o)
2976 5054 3182 5114 segnius
3222 5054 3267 5100 Χ
3306 5056 3352 5113 (e
3388 5066 3445 5099 ex
3482 5051 3541 5114 i),
3582 5054 3750 5113 segnis
3788 5051 3817 5102 λ

567 5135 632 5185 45
669 5144 724 5184 tu
760 5123 1005 5186 mamm.
1039 5140 1109 5186 in.
1147 5137 1190 5184 G
1398 5137 1642 5197 limigeris
1673 5138 1731 5200 Z,
1773 5138 1967 5198 legenis
2004 5136 2053 5195 λ,
2095 5139 2277 5198 lagaeis
2310 5139 2398 5200 Ua.
2615 5131 2785 5189 uls'ais
2828 5140 2868 5185 Z
2901 5140 2932 5199 (i
2968 5154 3025 5187 ex
3062 5142 3127 5202 a),
3173 5140 3310 5188 ulnis
3347 5135 3407 5187 λ*
3618 5137 3683 5187 46
3720 5139 3820 5186 im·-

565 5224 747 5272 mundo
784 5222 907 5273 GBa
1185 5225 1447 5287 perfundit
1486 5225 1533 5271 Χ
1806 5225 1971 5272 littora
2008 5223 2143 5287 Gza,
2187 5226 2336 5274 litora
2374 5228 2422 5273 Χ
2461 5227 2504 5288 (o
2541 5241 2597 5275 ea:
2633 5227 2679 5287 e)
2962 5239 3113 5274 coeno
3148 5223 3243 5287 Ga,
3294 5216 3409 5290 cello
3448 5225 3506 5286 X,
3563 5239 3688 5288 ceno
3723 5230 3814 5274 cet.

564 5308 626 5357 47
663 5310 979 5370 imprimeres
1019 5310 1062 5357 G
1271 5311 1321 5358 in
1361 5312 1520 5372 primo
1555 5316 1856 5371 respergunt
1881 5311 1994 5372 ΒΖ,
2033 5314 2054 5359 i
2093 5314 2253 5373 primo
2290 5314 2538 5374 respergit
2574 5312 2602 5362 λ
2815 5313 3028 5374 uertigia
3067 5311 3278 5373 iynphas
3316 5312 3358 5357 Χ
3566 5313 3654 5359 sed
3691 5313 3822 5360 sicca

565 5397 616 5442 in
652 5397 813 5457 primo
849 5396 1106 5458 adspergit
1145 5412 1196 5445 u.
1239 5396 1273 5446 1.
1319 5396 1463 5458 Par„
1502 5397 1634 5444 sicca
1671 5396 1762 5444 sed
1798 5399 1850 5444 in
1890 5400 2051 5459 prima
2086 5399 2342 5460 adspergis
2380 5413 2429 5447 u.
2474 5399 2509 5448 1.
2551 5399 2711 5461 Luyd.
2753 5399 2892 5458 volvo
3147 5396 3213 5447 48
3251 5398 3415 5458 frigiis
3458 5398 3566 5458 GZ,
3608 5398 3819 5461 phrigiis

567 5480 675 5545 ΒΧ,
713 5483 873 5542 frigus
908 5479 972 5532 λ*
1216 5482 1282 5530 49
1320 5496 1622 5530 masmorum
1661 5479 1690 5530 λ
1934 5482 2199 5544 laquem-ta
2241 5483 2283 5529 Z
2525 5487 2623 5533 atis
2659 5486 2710 5533 Χ
2948 5486 3014 5534 50
3051 5498 3141 5545 ege
3178 5481 3241 5532 λ*
3469 5483 3709 5546 dispectis
3751 5483 3809 5540 G,

566 5567 831 5630 despectus
868 5568 917 5615 Χ
1123 5567 1182 5616 51
1227 5570 1462 5616 miramur
1503 5569 1560 5628 Z,
1605 5550 1829 5637 mirabor
1866 5565 1928 5617 λ*
2139 5568 2203 5618 52
2241 5571 2446 5618 luxuria
2488 5571 2547 5634 G,
2589 5572 2911 5620 luxuriantur
2946 5570 3005 5628 B,
3048 5571 3330 5618 luxoriatur
3366 5571 3416 5617 Χ
3620 5574 3816 5628 egestas

570 5653 610 5700 Χ
648 5654 695 5713 (a
730 5667 788 5700 cx
825 5653 857 5713 i)
1146 5653 1209 5702 53
1248 5658 1478 5703 sternant
1513 5655 1560 5704 Χ
1814 5634 1986 5708 nm‘tla
2021 5655 2083 5718 G,
2124 5657 2387 5705 humentia
2420 5663 2508 5707 cet.
2722 5658 2886 5705 littora
2926 5656 3092 5706 (ἱΧΖλ
3366 5656 3429 5706 54
3467 5663 3683 5704 renuent
3719 5654 3748 5704 λ

564 5738 764 5804 tuguras
803 5736 846 5783 G

3297 5841 3403 5894 11·
