4630 6435
409 627 547 667 editio
576 628 698 678 princ

384 2549 480 2587 «md.
504 2548 700 2589 Hsrorial

707 2562 784 2589 en-

410 2601 472 2639 sis
505 2601 563 2638 lll
596 2602 624 2637 S
652 2601 701 2642 25
730 2604 785 2650 (e)

703 639 779 727 ⁴523

804 425 1018 488 XXVI
2194 424 2652 478 PROOEMIVM.

979 646 1096 709 His
1172 645 1499 711 codicibus
1573 646 1701 711 iam
1777 647 2126 730 adiungam
2201 646 2543 712 editionem
2622 645 3005 730 principem,
3092 665 3258 727 quae
3333 645 3565 728 prodiit
3632 645 3919 711 Venetiis
3991 667 4052 709 a.

801 784 1251 846 Mccccnxxn,
1319 774 1538 831 curata
1598 787 1638 831 a
1691 767 2176 831 Bartholomaeo
2224 765 2686 847 Girardino¹⁰).
2782 766 3183 832 continentur
3241 786 3350 831 ea:
3418 766 3464 829 f.
3527 772 3738 830 1¹—-.5v
3799 765 4057 850 praefa-

800 885 1089 951 tiuncula
1147 905 1224 950 ac
1281 886 1503 950 tabula
1558 906 1810 967 eorum,
1879 907 2043 969 quae
2100 885 2170 950 in
2222 886 2345 951 hoc
2389 886 2552 951 libro
2597 886 2928 968 leguntur,
2999 886 3045 950 f.
3099 889 3358 949 tif—49r
3404 885 3675 953 Ausonii
3720 887 4047 970 opuscula,

800 1006 846 1069 f.
902 1009 1209 1070 ὅθ’-ὅθ’
1278 1006 1521 1070 ‘Publii
1566 1006 1784 1071 Ouidii
1827 1006 2108 1070 Nasonis
2167 1013 2398 1089 poetae
2444 1005 2810 1071 Consolatio
2870 1006 2955 1071 ad
3008 1006 3259 1070 Liuiam
3305 1008 3662 1089 Augustam
3720 1006 3801 1071 de
3859 1014 4055 1072 morte

802 1126 1069 1206 Drusii',
1133 1126 1178 1189 f.
1233 1129 1535 1189 57¹—68‘
1588 1126 1869 1191 ‘Probae
1914 1127 2244 1191 Centonae
2291 1125 2559 1191 Clariss.
2610 1124 2888 1191 feminae
2935 1135 3301 1210 excerptum
3350 1147 3385 1191 e
3430 1126 3713 1190 Maronis
3760 1126 4056 1191 carmini-

798 1247 921 1311 bus
965 1246 1050 1311 ad
1095 1246 1526 1312 testimonium
1574 1246 1812 1312 ueteris
1857 1246 2136 1327 nouique
2181 1246 2548 1311 testamenti
2594 1247 3023 1330 opusculum',
3079 1247 3125 1310 f.
3166 1249 3466 1310 681—831
3527 1246 3691 1311 ‘Titi
3737 1247 4054 1329 Calphur-

800 1366 891 1430 nii
958 1373 1185 1450 poetae
1246 1366 1445 1431 Siculi
1511 1367 1871 1431 bucolicum
1941 1367 2247 1444 carmen',
2327 1364 2603 1448 denique
2659 1366 2704 1429 f.
2760 1369 3061 1429 Scir—99¹
3136 1366 3378 1431 ‘Publii
3426 1366 3760 1447 Graegorii
3807 1367 4053 1432 Tiferni

799 1493 1025 1569 poetae
1085 1486 1355 1552 illustris
1417 1486 1753 1551 carmina'.
1856 1485 2124 1550 Ausonii
2184 1485 2468 1549 carmina
2524 1486 2591 1550 in
2647 1486 2872 1551 tabula
2929 1486 3393 1551 inscribuntur:
3473 1486 3773 1551 ‘Ausonii
3834 1486 4050 1551 Peonii

798 1613 1025 1689 poetae
1081 1606 1376 1690 lepidiss.
1438 1612 1631 1687 atque
1691 1606 1909 1671 festiui
1970 1606 2473 1689 epigrammata»,
2535 1605 2909 1670 dimidiatus
2969 1606 3184 1688 liber',
3251 1606 3300 1670 f.
3354 1611 3416 1669 6r
3486 1606 3781 1671 ‘Ausonii
3842 1607 4049 1691 peonii

798 1733 1025 1810 poetae
1088 1726 1488 1792 disertissimi
1554 1727 2059 1810 epigrammattbv
2117 1726 2279 1791 liber
2337 1725 2637 1811 primus'.
2731 1726 2779 1789 f.
2831 1729 2943 1790 49*
2990 1726 3151 1791 haee
3209 1726 3571 1810 subscripta
3630 1735 3806 1792 sunt:
3887 1728 4052 1791 ‘Ex-

798 1846 1066 1929 pliciunt
1110 1867 1189 1911 ea
1225 1846 1491 1910 Ausonii
1540 1846 1939 1929 fragmenta:
1994 1847 2173 1924 Quae
2217 1845 2467 1910 inuidia
2519 1846 2606 1926 (in
2635 1845 2859 1911 tabula
2890 1847 2934 1911 f.
2975 1851 3062 1925 3‘,
3118 1847 3226 1912 ubi
3271 1848 3433 1911 haec
3465 1846 3692 1912 eadem
3724 1848 4042 1930 leguntur,

796 1966 1176 2050 impressum
1236 1972 1335 2030 est
1404 1966 1693 2049 ‘inuida')
1765 1975 1994 2032 cuncta
2053 1967 2392 2032 corrodens
2452 1966 2536 2031 ad
2598 1987 2825 2031 manus
2885 1974 3134 2031 nostras
3194 1967 3413 2032 uenire
3471 1967 3781 2051 permisit.
3852 1970 4045 2031 τέλος.

796 2086 873 2149 Β.
914 2086 1039 2150 G.'.
1123 2086 1371 2151 Graeca
1417 2093 1639 2152 extant
1680 2086 1744 2150 in
1794 2087 1915 2151 hac
1959 2086 2257 2166 editione,
2313 2087 2438 2151 nisi
2483 2086 2655 2169 quod
2699 2087 2763 2150 in
2809 2088 2886 2150 Ε.
2925 2087 3054 2151 XII
3099 2087 3295 2152 verba
3338 2087 3656 2170 quaedam
3704 2094 3895 2169 atque
3941 2108 4052 2152 ea-

796 2206 942 2270 dem
989 2214 1137 2272 sunt
1179 2207 1419 2271 omissa
1463 2226 1629 2287 quae
1676 2206 1743 2269 in
1790 2206 2066 2271 Tiliano.
2161 2214 2308 2291 post
2352 2227 2412 2271 e.
2465 2210 2548 2269 92
2595 2206 2934 2290 repetitum
2982 2213 3081 2271 est
3123 2228 3182 2272 e.
3235 2211 3308 2270 41
3364 2207 3587 2273 eodem
3636 2207 3857 2286 mod0,
3924 2228 4048 2289 quo

794 2326 858 2390 in
891 2327 1174 2405 Tilian03
1230 2327 1508 2409 denique
1555 2333 1698 2410 post
1744 2327 1903 2390 XIII
1935 2330 1995 2406 2,
2037 2332 2116 2390 45
2164 2326 2338 2392 idem
2384 2327 2494 2409 qui
2537 2327 2605 2391 in
2635 2327 2889 2391 Tiliano
2935 2346 3161 2392 versus
3207 2327 3445 2410 legitur
3500 2329 3801 2410 ‘Perlege
3847 2326 4050 2409 quod-

795 2466 1041 2529 cunque
1087 2454 1184 2512 est
1228 2446 1641 2511 memorabile
1688 2452 1757 2510 ut
1799 2446 1915 2511 tibi
1961 2447 2209 2530 prosit'.
2305 2447 2450 2530 ipse
2497 2447 2752 2512 contuli.

982 2567 1143 2632 Cum
1196 2565 1478 2631 editione
1534 2566 1819 2649 principe
1879 2567 2201 2649 conspirat
2253 2588 2445 2649 quam
2505 2568 2782 2632 maxime
2839 2568 3039 2632 codex
3098 2567 3665 2632 Escorialensis
3709 2568 3806 2632 III
3852 2569 3897 2631 S
3943 2571 4042 2643 25,

794 2686 1086 2765 membr,
1144 2687 1386 2751 formae
1432 2687 1767 2768 oblongae,
1823 2685 1958 2750 foll.
1999 2689 2100 2766 85,
2156 2687 2337 2752 cuius
2367 2688 2434 2751 in
2467 2687 2622 2752 folio
2654 2687 2858 2771 primo
2888 2688 3052 2751 haec
3084 2687 3322 2771 scripta
3353 2695 3502 2752 sunt
3543 2687 3652 2751 ‘D.
3691 2688 3773 2751 D.
3811 2689 3888 2751 A.
3927 2689 4052 2751 Ro-

794 2827 937 2870 mae
970 2806 1074 2871 die
1107 2807 1201 2871 Iu.
1240 2827 1302 2870 a.
1346 2807 1562 2870 1625’.
1645 2806 2044 2871 continentur
2088 2827 2163 2871 eo
2210 2808 2350 2871 sola
2379 2805 2644 2872 Ausonii
2691 2808 3021 2891 opuscula,
3077 2826 3342 2889 quorum
3387 2807 3456 2870 in
3501 2807 3708 2872 fronte
3753 2808 3916 2872 baec
3959 2807 4051 2872 le-

793 2933 1030 3009 guntur
1083 2926 1383 2991 ‘Ausonii
1427 2926 1639 3011 peonii
1684 2933 1870 3010 poete
1916 2927 2325 2993 disertissimi
2371 2928 2534 2993 liber
2580 2927 2822 3012 primus
2867 2927 3145 3011 incipit',
3216 2927 3284 2991 in
3330 2926 3455 2993 fine
3501 2927 3729 2992 eadem
3776 2947 3940 3008 quae
3986 2927 4051 2990 in

794 3047 1072 3113 editione
1135 3047 1423 3131 principe
1484 3054 1582 3111 est
1639 3047 2039 3130 subscriptiO.
2133 3056 2318 3113 tanta
2376 3055 2590 3112 autem
2649 3046 2815 3112 inter
2874 3047 3043 3112 hunc
3095 3047 3327 3112 librum
3373 3055 3438 3111 et
3483 3046 3825 3112 editionem
3871 3047 4048 3111 illam

791 3165 1133 3234 intercedit
1178 3166 1650 3250 similitudo¹¹),
1703 3174 1773 3233 ut
1816 3166 2009 3232 facile
2059 3167 2370 3252 suspicari
2418 3168 2626 3252 possis
2671 3188 2816 3233 eum
2863 3188 2941 3233 ex
2974 3168 3221 3234 Veneta
3252 3167 3641 3252 descriptum
3674 3186 3838 3233 esse.
3935 3166 4046 3232 sed

792 3287 1172 3353 adversatur
1201 3287 1289 3366 id,
1345 3287 1518 3369 quod
1566 3294 1711 3371 post
1756 3307 1813 3352 e.
1854 3291 1935 3349 92
1982 3308 2107 3351 non
2153 3288 2394 3370 legitur
2439 3309 2497 3353 e.
2536 3292 2609 3350 41
2665 3288 3042 3372 repetitum;
3097 3287 3410 3353 accedunt
3455 3288 3808 3371 scripturae
3853 3307 4049 3371 quae-

792 3406 939 3471 dam
1004 3408 1446 3492 discrepantes
1507 3407 1572 3471 in
1618 3407 1980 3471 Gratiarum
2043 3407 2318 3473 actione.
2414 3407 2585 3472 unde
2646 3408 2772 3472 iam
2822 3407 3143 3489 colligitur
3187 3408 3354 3473 hunc
3400 3408 3684 3473 codicem
3730 3415 3795 3473 et
3838 3409 4049 3472 Vene-

794 3535 924 3592 tam
984 3549 1067 3593 ex
1126 3528 1353 3593 eodem
1412 3528 1575 3592 libro
1635 3526 1921 3592 fluxisse.
2018 3527 2269 3593 Graeca
2330 3528 2562 3594 desunt
2620 3529 2835 3593 omnia
2895 3528 3124 3612 spatiis
3183 3548 3351 3610 quae
3409 3528 3739 3593 sufficiunt
3781 3528 4039 3593 relictis

789 3647 1127 3731 descripsit
1187 3648 1355 3712 hunc
1413 3648 1643 3712 librum
1704 3655 2001 3713 accurate
2061 3655 2126 3713 et
2183 3648 2497 3730 quasdam
2561 3648 2908 3733 scripturas
2969 3647 3253 3713 enotavit
3294 3647 3645 3713 Adalberto
3700 3655 3766 3715 et
3818 3648 4044 3714 Ottone

790 3769 1068 3833 Kelleris
1112 3767 1657 3834 intercedentibus
1703 3767 2108 3832 Hermannus
2154 3769 2386 3846 Knust,
2442 3767 2807 3832 Gratiarum
2852 3768 3167 3833 actionem
3216 3768 3484 3832 contulit
3527 3769 3609 3832 G.
3660 3770 3918 3834 Loewe.

960 3890 1213 3966 Restat,
1284 3897 1354 3953 ut
1415 3887 1495 3952 de
1542 3886 1791 3952 duobus
1838 3887 2022 3951 libris
2068 3887 2348 3952 breviter
2392 3887 2776 3952 mentionem
2824 3887 3095 3966 faciam,
3165 3887 3308 3952 dico
3356 3889 3868 3955 Ravennatem
3922 3892 4038 3951 134

784 4010 845 4071 Η
894 4011 960 4090 2,
1033 4029 1113 4073 ex
1170 4009 1418 4073 duobus
1478 4007 1804 4072 codicibus
1864 4007 2334 4089 consociatum,
2401 4027 2662 4089 quorum
2726 4008 2926 4072 altero
2974 4014 3228 4091 praeter
3270 4008 3432 4072 alios
3478 4008 3732 4073 libellos
3776 4009 4041 4073 Ausonii

785 4130 1095 4211 opuscula
1154 4135 1218 4195 et
1261 4128 1475 4193 Publii
1522 4128 1811 4211 Gregorii
1861 4128 2105 4193 Tiferni
2166 4127 2451 4193 carmina
2510 4127 2944 4205 continentur,
3013 4148 3094 4192 ex
3139 4127 3420 4193 editione
3467 4130 3714 4194 Veneta
3759 4128 4042 4212 descrip-

783 4254 915 4314 tum
987 4249 1289 4333 (inspexit
1345 4269 1488 4314 eum
1550 4269 1591 4312 a
1642 4263 1743 4313 me
1788 4255 2049 4331 rogatus
2095 4249 2167 4314 C.
2221 4247 2302 4312 de
2346 4248 2728 4330 Holzinger)
2800 4256 2864 4312 et
2908 4248 3480 4328 Valentianum,
3546 4249 3655 4330 qui
3703 4249 4039 4314 Valentiae

785 4378 960 4436 extat
1003 4370 1069 4434 in
1114 4369 1524 4453 bybliotheca
1567 4368 1847 4454 publica,
1901 4388 2162 4434 numero
2217 4372 2335 4432 146
2383 4350 2747 4450 insignitus.
2845 4369 3084 4433 saeculi
3130 4368 3250 4431 XV
3294 4388 3439 4432 eum
3486 4387 3630 4433 esse
3678 4368 3757 4433 G.
3812 4371 4039 4433 Loewe

782 4510 884 4555 me
943 4489 1198 4555 edocuit
1258 4490 1553 4570 catalogo
1612 4487 1899 4553 codicum
1962 4488 2520 4567 Valentianorum,
2596 4489 2705 4569 qui
2765 4488 2830 4552 in
2892 4488 3304 4570 bybliotheca
3363 4488 3627 4571 publica
3684 4488 4041 4553 Matritensi

783 4618 980 4692 extat,
1033 4611 1346 4695 inspecto,

960 4731 1208 4815 Corpus
1251 4730 1416 4795 illud
1461 4729 1910 4812 opusculorum
1959 4728 2505 4809 Ausonianorum,
2580 4727 2750 4809 quod
2793 4728 2861 4792 in
2909 4728 3236 4793 codicibus
3283 4753 3334 4790 ω
3381 4729 3652 4811 legitur,
3720 4728 3846 4793 iam
3893 4749 4037 4795 sae-

798 4851 942 4915 culo
988 4850 1172 4916 tertio
1219 4850 1465 4916 decimo
1512 4849 1764 4915 delectu
1811 4849 1982 4913 facto
2025 4849 2092 4913 in
2137 4850 2461 4932 epitomen
2506 4856 2792 4913 coactum
2840 4868 2982 4913 esse
3029 4848 3371 4914 edocemur
3407 4848 3625 4914 codiee
3655 4850 4030 4929 Parisin0,

780 4990 1042 5035 numero
1080 4973 1284 5033 18275
1334 4969 1609 5052 signato,
1661 4989 1834 5034 saec.
1874 4968 2054 5048 XIII,
2111 4970 2405 5050 membr.,
2461 4969 2702 5032 formae
2750 4968 3086 5049 oblongae,
3143 4968 3280 5032 foll.
3328 4973 3431 5031 56.
3501 4967 3743 5042 'insunt
3786 4977 4036 5054 praeter

779 5089 942 5168 alia,
998 5090 1196 5155 veluti
1243 5090 1651 5173 Fulgentium
1701 5098 1764 5155 et
1811 5089 2123 5154 Martialis
2172 5089 2517 5168 Xeiiia¹²),
2574 5089 2620 5152 f.
2673 5093 2975 5150 55r—5o‘
3029 5096 3330 5172 excerpta
3374 5109 3454 5153 ex
3499 5091 3813 5168 Ausonio,
3866 5109 4032 5172 quae

957 5450 1033 5513 10)
1077 5454 1359 5501 accuratius
1396 5454 1525 5501 hanc
1561 5454 1839 5502 editionem
1877 5454 2149 5513 descripsit
2186 5452 2428 5513 Peiperus
2471 5453 2584 5503 195.

959 5537 1031 5596 11)
1079 5544 1187 5600 post
1224 5539 1352 5586 XIII
1391 5538 1440 5596 2,
1482 5539 1546 5587 45
1583 5540 1717 5588 idem
1755 5541 1841 5601 qui
1880 5541 1933 5586 in
1971 5539 2167 5585 Veneta
2204 5552 2379 5585 versus
2418 5540 2621 5596 legitur.

956 5623 1032 5682 12)
1076 5627 1355 5672 accuratius
1392 5627 1653 5686 descripsit
1688 5626 1821 5673 hunc
1858 5627 2038 5673 librum
2077 5625 2317 5684 Peiperus
2356 5624 2469 5673 275.
2539 5640 2735 5672 eumen
2775 5627 2900 5686 quod
2932 5626 3114 5679 legitur
3142 5627 3174 5670 s.
3210 5626 3300 5673 56⁸
3342 5627 3547 5673 ‘Gerula
3572 5642 3699 5686 quae
3729 5662 3739 5672 .
3777 5664 3786 5672 .
3823 5664 3832 5672 .
3863 5624 4030 5687 piper'

778 5709 1019 5757 Martialis
1055 5717 1148 5768 est,
1191 5711 1316 5757 xlll
1358 5712 1405 5758 ἔ).
