4630 6435
824 415 877 479 L
2217 415 2678 472 PROOEMIVM.

995 638 1298 709 Carmina
1342 641 1406 708 11
1445 648 1510 709 et
1537 642 1729 708 VIIII
1772 642 2230 728 Eglogarum
2273 641 2482 709 libelli
2538 645 2633 727 (V)
2687 641 2817 708 iam
2863 641 3122 708 saeculo
3166 648 3392 709 octavo
3439 641 3507 708 in
3550 641 3939 710 kalendaria
3982 664 4085 709 re-

820 771 1007 848 cepta
1054 763 1255 829 fuisse
1302 764 1484 830 libris
1530 764 1881 846 eiusmodi,
1947 765 2056 849 qui
2099 765 2314 831 adhuc
2359 772 2735 849 supersunt,
2802 764 3163 829 edocemur.
3260 785 3389 847 qua
3433 783 3501 831 re
3548 762 3787 830 factum
3834 770 3962 844 est,
4014 772 4084 831 ut

820 883 1088 948 Ausonii
1142 884 1417 949 nominis
1476 884 1543 948 in
1604 885 1930 951 codicibus
1986 891 2244 969 praeter
2298 890 2347 948 V
2397 885 2643 951 nullum
2707 882 3052 966 vestigium
3096 883 3483 950 inveniatur.
3575 883 3826 950 accedit
3869 885 4082 951 Bedae

818 1004 1288 1085 testimonium,
1358 1005 1465 1085 qui
1525 1005 1591 1068 in
1651 1005 1797 1069 libri
1858 1004 1937 1070 de
1984 1012 2337 1090 temporum
2383 1005 2628 1070 ratione
2674 1023 2731 1069 c.
2782 1004 2938 1069 XVI
2982 1024 3240 1069 carmen
3286 1004 3474 1069 VIIII
3519 1004 3758 1070 adtulit
3799 1004 3898 1070 his
3941 1026 4083 1070 ver-

818 1125 919 1189 bis
977 1124 1248 1190 adiectis
1317 1125 1516 1190 ‘sicut
1573 1125 1836 1208 quidam
1895 1133 2182 1193 veterum
2243 1125 2536 1192 versibus
2594 1123 2944 1209 explicavit
3000 1124 3323 1206 heroicis',
3396 1124 3566 1190 unde
3612 1125 3834 1208 colligi
3879 1133 4082 1209 potest

820 1265 962 1309 eum
1027 1245 1355 1330 scriptoris
1415 1266 1646 1310 nomen
1706 1247 1834 1311 iam
1891 1267 2016 1311 non
2076 1253 2468 1331 compertum
2528 1246 2854 1311 habuisse.
2948 1253 3191 1329 quanta
3233 1253 3447 1311 autem
3496 1245 3689 1311 fuerit
3732 1245 4073 1327 hominum,

817 1365 927 1447 qui
971 1366 1132 1430 talia
1177 1366 1498 1450 poematia
1541 1366 1608 1431 in
1653 1386 1840 1431 usum
1886 1385 2072 1432 suum
2119 1367 2681 1453 deprompserunt,
2738 1366 3032 1449 licentia,
3099 1366 3167 1430 in
3212 1366 3494 1431 carmine
3539 1366 3605 1430 11
3650 1366 3754 1431 vel
3802 1366 4074 1432 maxime

818 1486 1240 1568 cognoscitur.
1348 1486 1520 1567 quod
1580 1505 1833 1551 carmen
1891 1488 1956 1550 in
2017 1487 2310 1552 omnibus
2370 1493 2627 1571 praeter
2699 1490 2748 1549 V
2799 1486 2982 1551 libris
3036 1486 3306 1571 turpiter
3364 1486 3793 1551 deformatum
3852 1485 4077 1569 legitur

819 1625 1006 1670 versu
1067 1606 1290 1671 ultimo
1344 1606 1715 1691 deperditc,
1782 1627 1949 1689 quae
1995 1608 2229 1672 lacuna
2273 1607 2505 1690 partim
2552 1607 2752 1672 altero
2795 1606 3046 1672 novicio
3112 1606 3440 1672 ‘Imbrifer
3483 1613 3587 1671 ast
3633 1605 3873 1671 mensis
3917 1612 4081 1670 tum-

817 1745 941 1808 que
988 1726 1329 1792 december
1372 1726 1609 1807 adest',
1664 1727 1893 1811 partim
1951 1728 2037 1810 (in
2081 1728 2485 1811 Durlacensi)
2541 1747 2734 1793 versu
2778 1727 3158 1793 duodecimo
3205 1726 3505 1792 carminis
3554 1730 3675 1791 394
3725 1727 3920 1792 Antb.
3966 1726 4075 1792 lat.

817 1848 1079 1932 expleta
1138 1855 1255 1912 est.
1350 1848 1520 1913 adde
1576 1848 1747 1930 quod
1790 1869 1853 1913 v.
1907 1851 1946 1912 9
2009 1849 2130 1913 soli
2175 1849 2514 1914 Leidensis
2571 1850 2760 1929 (Scal.
2817 1850 2916 1931 38)
2992 1856 3057 1914 et
3101 1848 3486 1913 Oxoniensis
3540 1849 3686 1912 coll.
3740 1848 3808 1913 S.
3859 1849 4076 1913 Ioann.

817 1968 1005 2051 Bapt.
1071 1968 1257 2032 XVII
1323 1975 1578 2052 praeter
1638 1969 2023 2034 Vossianum
2089 1989 2463 2052 germanam
2531 1970 2913 2053 scripturam
2991 1967 3292 2051 ‘opimat’
3369 1974 3789 2033 servaverunt
3857 1968 4081 2033 ceteris

824 2088 1149 2170 ‘uegetat'
1197 2089 1301 2154 vel
1356 2088 1669 2171 ‘negitat’
1716 2088 2172 2153 exhibentibus
2191 2093 2295 2171 ⁵¹).
2386 2089 2714 2154 meliorem
2762 2095 2996 2153 sortem
3045 2096 3376 2171 expertum
3424 2095 3524 2153 est
3569 2108 3825 2154 carmen
3871 2088 4074 2166 VIIII,

814 2208 985 2291 quod
1031 2229 1156 2272 non
1203 2209 1443 2289 solum,
1504 2209 1558 2273 si
1607 2209 1971 2273 levissimas
2017 2210 2332 2291 quasdam
2382 2228 2485 2274 res
2530 2208 2858 2293 excipiaS,
2919 2208 3232 2275 intactum
3276 2208 3515 2273 mansit
3560 2209 3615 2274 si
3662 2229 3791 2274 non
3834 2209 3903 2272 in
3946 2228 4082 2273 om-

813 2331 1061 2408 nibus,
1105 2336 1172 2392 at
1228 2336 1443 2395 tamen
1499 2329 1569 2393 in
1626 2330 1948 2393 nonnullis
2006 2328 2074 2394 id
2134 2350 2341 2412 genus
2385 2330 2605 2411 libris,
2675 2329 2788 2395 sed
2835 2330 3026 2395 etiam
3074 2329 3143 2394 in
3188 2328 3573 2412 quibusdam
3621 2350 3682 2393 v,
3743 2334 3810 2392 11
3866 2349 4080 2395 veram

817 2451 1198 2535 scripturam
1271 2450 1750 2514 ‘nouembrem'
1815 2449 2116 2517 ostendit.
2213 2450 2443 2533 quodsi
2501 2450 2626 2515 hoc
2671 2471 2930 2515 carmen
2975 2452 3040 2516 in
3088 2450 3606 2516 Vindobonensis
3654 2453 3810 2515 3261
3870 2449 3916 2514 f.
3968 2452 4076 2511 26v

816 2570 1052 2652 legitur
1096 2591 1177 2635 ex
1223 2570 1351 2635 alic
1397 2570 1580 2651 libr0,
1633 2570 1700 2635 id
1746 2569 1915 2654 quod
1961 2590 2042 2636 ex
2087 2571 2408 2656 scriptura
2455 2590 2679 2636 versus
2725 2572 3049 2637 undecimi
3096 2571 3438 2653 colligitur,
3494 2590 3618 2634 non
3650 2589 3733 2635 ex
3766 2570 4077 2634 Vossiano

815 2690 1296 2774 depromptum,
1365 2691 1487 2755 hac
1544 2698 1762 2755 tamen
1804 2690 2218 2775 inscriptione
2263 2692 2520 2757 adiecta
2572 2691 2870 2775 ‘Ausonij
2922 2692 3002 2757 de
3048 2691 3386 2756 duodecim
3435 2691 3693 2773 signis',
3762 2711 3889 2755 non
3929 2689 4081 2754 inde

814 2811 1101 2893 sequitur
1146 2810 1607 2875 Sannazarium
1652 2810 1922 2876 Ausonii
1976 2831 2210 2876 nomen
2268 2811 2333 2875 in
2393 2812 2612 2877 codice
2657 2813 2770 2877 illo
2816 2812 3179 2893 invenisse,
3250 2811 3364 2876 sed
3409 2812 3623 2896 potius
3670 2809 4079 2876 statuendum

815 2939 915 2996 est
957 2951 1138 3012 eum,
1208 2951 1349 2995 cum
1394 2931 1461 2996 id
1507 2952 1763 2997 carmen
1809 2932 1877 2996 in
1936 2937 1981 2996 V
2018 2933 2322 3015 legisset,
2392 2933 2542 2997 huic
2587 2932 2960 3017 apographo
3006 2931 3274 2997 Ausonii
3319 2952 3551 2996 nomen
3598 2930 3938 2996 adiecisse.
3988 2969 4076 2979 —

813 3052 1136 3135 codicum,
1203 3072 1363 3136 quos
1421 3052 1490 3117 in
1548 3052 2020 3118 commentariis
2075 3054 2598 3133 commemoravi,
2667 3054 2973 3120 lectiones
3018 3059 3131 3118 aut
3173 3052 3365 3118 Riese
3409 3053 3477 3117 in
3523 3052 3719 3118 Anth.
3771 3053 3884 3117 lat.
3935 3052 4078 3117 edi-

812 3174 984 3239 tione
1031 3174 1298 3259 protulit
1341 3181 1453 3240 aut
1494 3173 1696 3253 Ellis,
1748 3173 2019 3256 Holder,
2073 3173 2424 3258 Meyncke,
2477 3175 2702 3256 Nolte,
2759 3173 2846 3239 du
2893 3175 3090 3256 Rieu,
3144 3172 3461 3255 Schmitz,
3516 3173 3806 3238 Schoene
3852 3180 4075 3239 enota-

814 3305 1065 3360 verunt.

984 3416 1058 3479 In
1104 3416 1569 3501 epigrammate
1617 3417 1733 3496 68,
1786 3416 1959 3498 quod
2004 3415 2070 3480 in
2127 3419 2279 3478 VGw
2326 3415 2593 3497 legitur,
2653 3419 2702 3478 G
2750 3415 3065 3480 consentit
3109 3436 3251 3480 cum
3313 3420 3358 3479 V
3405 3415 3512 3498 (cf.
3563 3436 3625 3479 v.
3678 3417 3777 3497 8),
3845 3435 4074 3498 quam-

812 3556 1002 3618 quam
1054 3536 1370 3619 scriptura
1414 3536 1481 3600 in
1531 3541 1581 3598 G
1627 3535 1785 3600 locis
1833 3536 2219 3618 quibusdam
2275 3535 2379 3619 (cf.
2417 3557 2476 3600 v.
2518 3539 2554 3598 3
2595 3544 2658 3600 et
2689 3539 2747 3619 5)
2804 3535 3161 3600 deformata
3204 3543 3325 3601 est.
3420 3536 3647 3600 eodem
3691 3536 3885 3600 modo
3929 3556 4073 3600 cum

826 3661 873 3718 V
909 3657 1231 3742 conspirat
1276 3657 1795 3722 Vindobonensis
1843 3660 2005 3720 3261
2060 3657 2107 3721 f.
2161 3661 2267 3721 26r
2323 3657 2389 3721 in
2453 3658 2919 3742 epigrammate
2968 3660 3035 3718 71
3073 3709 3086 3734 ,
3155 3656 3326 3738 quod
3371 3656 3804 3721 Sannazarius
3865 3677 3933 3722 se
3992 3677 4076 3722 ex

809 3777 971 3841 libro
1019 3778 1308 3843 eiusdem
1353 3778 1823 3861 bybliothecae,
1878 3778 1944 3842 in
1991 3797 2115 3861 quo
2146 3777 2533 3842 Vossianum
2580 3777 2846 3858 invenit,
2904 3776 3327 3860 descripsisse
3374 3782 3668 3842 testatur.
3757 3776 3862 3843 his
3906 3776 4074 3842 addo

809 3897 1170 3962 Parisinum
1241 3896 1656 3981 (Thuaneum)
1731 3901 1931 3978 8071,
2002 3898 2068 3962 in
2129 3916 2253 3979 quo
2313 3897 2360 3960 f.
2421 3901 2522 3960 10¹
2567 3899 2870 3980 leguntur
2929 3897 3399 3983 epigrammata
3460 3900 3543 3961 89
3604 3905 3669 3963 et
3723 3900 3837 3978 88,
3907 3916 4073 3978 quae

809 4024 1017 4082 utrum
1067 4038 1146 4082 ex
1195 4043 1246 4080 ω
1293 4038 1378 4081 an
1425 4038 1506 4082 ex
1551 4018 1753 4083 altero
1799 4017 2148 4082 carminum
2196 4016 2712 4081 Ausonianorum
2761 4038 3019 4102 corpore
3066 4015 3399 4097 fluxerint,
3463 4017 3775 4082 incertum
3823 4023 3951 4097 est,
4005 4024 4071 4082 et

809 4138 1301 4203 Riccardianum
1347 4142 1468 4203 907
1519 4158 1691 4202 saec.
1730 4139 1904 4220 XVI,
1958 4138 2067 4221 qui
2123 4137 2262 4219 (fuit
2304 4136 2458 4201 olim
2505 4137 2981 4202 Bartholomaei
3029 4137 3261 4219 Fontii)
3317 4137 3360 4201 f.
3407 4141 3552 4201 182Γ
3596 4158 3852 4202 carmen
3883 4137 4068 4201 XVII

813 4261 893 4323 28
939 4267 1006 4324 et
1049 4260 1096 4323 f.
1154 4264 1299 4324 183r
1344 4280 1402 4324 e.
1457 4263 1529 4322 21
1584 4259 1865 4340 exhibet,
1920 4280 1999 4323 ex
2060 4263 2105 4322 V
2143 4265 2213 4323 ut
2256 4257 2515 4323 videtur
2561 4259 2868 4342 profecta.

488 4349 784 4493 ιῗὲἷεὲῗῗιῖἑ
984 4380 1241 4460 Restat,
1310 4388 1382 4446 ut
1438 4379 1718 4446 breviter
1776 4379 2063 4445 codicis
2120 4377 2343 4461 Regii
2401 4382 2582 4462 (mus.
2637 4379 2819 4461 Brit.)
2884 4383 2956 4441 15
3006 4379 3059 4442 Β
3103 4379 3357 4443 XVIIII
3403 4400 3575 4444 saec.
3629 4381 3814 4447 VIIII
3857 4384 3961 4448 vel
4004 4381 4069 4446 X

709 4506 781 4556 (Β)
809 4500 1193 4565 mentionem
1242 4499 1516 4582 faciam,
1569 4520 1760 4583 quem
1806 4500 2036 4565 librum
2082 4498 2444 4564 accuratius
2491 4497 2968 4582 descripserunt
3012 4499 3579 4582 Zangemeisterus
3627 4501 4062 4586 Sitzungsber.

808 4619 922 4684 der
965 4620 1176 4685 Wien.
1226 4620 1441 4685 Akad.
1493 4620 1874 4685 LXXXIIII
1921 4624 2045 4683 513
2078 4640 2216 4702 sqq.
2283 4626 2349 4684 et
2403 4618 2835 4683 Baehrensius
2898 4638 3064 4682 mus.
3117 4619 3325 4684 Rhen.
3378 4621 3605 4686 XXXI
3652 4624 3733 4685 93
3767 4642 3904 4706 sqq.
3973 4623 4066 4686 le-

808 4749 1046 4823 guntur
1088 4741 1155 4805 in
1202 4761 1278 4805 eo
1326 4741 1371 4804 f.
1426 4743 1537 4805 83v
1592 4742 1868 4807 ‘Versus
1914 4741 1995 4805 de
2043 4741 2315 4822 singulis
2363 4740 2714 4804 mensibus’
2771 4741 2844 4820 (V
2892 4741 2980 4821 2),
3050 4738 3096 4803 f.
3149 4743 3259 4802 99ῐ
3314 4740 3589 4806 ‘Versus
3637 4741 3718 4807 de
3763 4742 4063 4826 diogene'

819 4862 1025 4944 (XVII
1072 4865 1172 4943 29,
1243 4884 1301 4927 e.
1355 4866 1434 4926 49
1482 4869 1547 4928 et
1592 4867 1673 4926 50
1732 4864 1798 4929 in
1844 4883 2038 4927 unum
2086 4864 2486 4944 coniuncta),
2553 4862 2598 4925 f.
2660 4865 2807 4924 102v
2865 4860 3137 4925 ‘Mentio
3184 4860 3524 4928 duodecim
3572 4883 3873 4928 uersuum
3919 4884 4068 4947 pre-

980 5123 1063 5185 51)
1104 5125 1166 5171 de
1202 5127 1526 5185 carminibus,
1564 5128 1862 5186 quibuscum
1900 5126 2019 5171 haec
2055 5124 2224 5185 egloga
2261 5126 2311 5170 in
2353 5124 2605 5172 codicibus
2643 5125 2910 5171 coniuncta
2946 5127 3042 5183 est,
3085 5123 3197 5170 vide
3235 5138 3364 5184 quae
3403 5125 3685 5185 disputavit
3720 5126 4060 5174 Baehrensius

808 5223 937 5256 mus.
978 5210 1137 5258 Rben.
1181 5210 1355 5257 XXXI
1393 5211 1456 5259 97
1485 5226 1588 5272 sq.,
1642 5213 1779 5260 Poet.
1820 5213 1909 5258 lat.
1955 5212 2079 5257 min.
2124 5211 2145 5255 1
2183 5209 2281 5258 202
2310 5224 2384 5270 sq.
2464 5224 2583 5256 num
2633 5215 2802 5256 autem
2850 5211 2936 5256 ille
2973 5215 3106 5256 recte
3145 5211 3431 5271 suspicetur
3467 5212 3518 5257 in
3559 5211 3648 5258 hac
3686 5213 3871 5272 sylloge
3905 5212 4060 5272 quin-

808 5301 915 5341 tum
954 5297 1105 5342 etiam
1132 5296 1428 5356 Eglogarum
1467 5312 1662 5345 carmen
1700 5298 1881 5356 fuisse,
1922 5296 1971 5342 id
2008 5295 2138 5356 quod
2175 5297 2293 5343 inde
2331 5297 2542 5355 colligit,
2581 5296 2708 5356 quod
2746 5297 2981 5343 carminis
3018 5296 3176 5343 Anth.
3206 5294 3295 5342 lat.
3325 5296 3424 5344 394
3463 5299 3725 5360 inscriptio
3765 5299 3922 5345 ‘Item
3949 5311 4063 5343 uer-

809 5395 893 5429 sus
931 5381 992 5428 de
1028 5395 1233 5430 numero
1268 5384 1462 5431 dierum
1498 5385 1807 5442 singulorum
1844 5379 2122 5428 mensium'
2162 5382 2343 5428 similis
2380 5390 2459 5429 est
2495 5384 2556 5442 ei,
2599 5395 2728 5442 quae
2766 5388 2846 5429 est
2869 5383 3069 5441 eglogae
3094 5383 3302 5442 quintae
3343 5383 3610 5443 (‘Quoteni
3637 5385 3746 5433 dies
3773 5390 3894 5431 sunt
3917 5397 4061 5430 men·

809 5483 957 5516 suum
994 5470 1382 5531 singulomm’),
1427 5472 1478 5517 in
1518 5471 1736 5517 carmine
1773 5474 1942 5515 antem
1980 5469 2066 5515 illo
2101 5469 2162 5515 de
2200 5469 2481 5527 mensibus,
2521 5481 2619 5515 non
2657 5469 2719 5515 de
2756 5469 2952 5515 dierum
2990 5469 3045 5515 in
3085 5470 3300 5528 singulis
3336 5472 3596 5518 mensibus
3632 5484 3838 5518 numero
3873 5471 4056 5530 agitur,

806 5557 941 5603 unde
976 5558 1074 5603 iam
1112 5556 1427 5604 intercidisse
1465 5563 1582 5603 ante
1619 5555 1670 5602 id
1707 5569 1902 5602 carmen
1941 5554 2159 5613 eglogam
2196 5555 2424 5616 quintam
2463 5557 2661 5615 statuit,
2704 5568 2782 5600 me
2819 5555 3047 5602 dubitare
3083 5555 3260 5603 fateor.
3323 5563 3457 5603 certe
3495 5564 3552 5603 ut
3587 5563 3783 5618 praeter
3816 5570 3894 5616 ea,
3932 5569 4062 5615 quae

805 5642 1083 5690 Vossianus
1118 5644 1357 5704 exhibet,
1407 5644 1502 5689 alia
1538 5642 1601 5689 de
1640 5643 1851 5701 singulis
1888 5642 2143 5688 mensibus
2180 5643 2402 5689 carmina
2437 5640 2584 5688 libris
2622 5640 2803 5688 tradita
2839 5647 2990 5701 sunt,
3039 5643 3113 5689 ita
3148 5642 3300 5689 etiam
3338 5644 3484 5703 plura
3518 5643 3582 5689 de
3619 5644 3813 5690 dierum
3852 5655 4060 5689 numero

804 5731 860 5775 in
898 5730 1110 5788 singulis
1146 5730 1403 5776 mensibus
1440 5734 1666 5788 poemata
1703 5729 1987 5788 antiquitus
2024 5728 2254 5774 extitisse
2292 5740 2389 5774 non
2428 5742 2456 5773 a
2493 5728 2602 5773 veri
2641 5728 2807 5787 specie
2844 5728 3089 5774 abhorret.
