4630 6435
1757 443 2252 499 PARENTALIA
2299 451 2309 500 ί
2315 443 2437 509 XV)
2450 486 2462 499 .
3654 449 3690 505 4
3706 448 3726 505 ¹

1610 798 1801 895 XV.
1872 798 2603 897 PARENTALIA.

1564 1028 1626 1094 l.
1690 1029 2174 1095 PRAEFATIO
2220 1030 2313 1094 IN
2359 1030 2656 1096 PROSA.

655 1205 801 1270 Scio
849 1204 1187 1270 versiculis
1235 1203 1394 1268 meis
1442 1203 1721 1281 evenire,
1776 1209 1846 1265 ut
1877 1201 2211 1267 fastidiose
2243 1202 2573 1286 legantur:
2628 1203 2868 1287 quippe
2913 1203 3007 1267 sic
3035 1202 3328 1268 meritum
3363 1208 3462 1267 est
3493 1222 3733 1267 eorum.
3781 1219 3877 1267 158

487 1308 596 1373 sed
640 1307 956 1391 quosdam
1006 1310 1170 1374 solet
1213 1305 1657 1372 commendare
1705 1305 1974 1370 materia
2019 1313 2083 1370 et
2125 1306 2516 1387 aliquotiens
2577 1306 2848 1372 fortasse
2903 1307 3202 1370 lectorem
3250 1306 3455 1370 solum
3503 1305 3736 1369 lemma
3778 1290 3865 1349 (V)

487 1411 782 1476 sollicitat
824 1411 1015 1491 tituli,
1070 1419 1138 1476 ut
1182 1410 1533 1476 festivitate
1579 1428 1927 1493 persuasus
1973 1416 2037 1474 et
2080 1409 2388 1494 ineptiam
2437 1409 2601 1473 ferre
2647 1416 2981 1474 contentus
3028 1410 3131 1474 sit.
3196 1409 3316 1473 hoc
3361 1408 3738 1492 opusculum

484 1534 599 1579 nec
642 1515 914 1579 materia
958 1535 1298 1580 amoenum
1345 1520 1445 1578 est
1488 1532 1607 1577 nec
1638 1512 2070 1596 appellatione
2116 1512 2489 1577 iucundum.
2565 1512 2761 1577 habet
2805 1520 3115 1577 maestam
3160 1512 3556 1595 religionem,
3612 1532 3739 1595 qua

428 1643 451 1679 ⁵
487 1637 769 1681 carorum
830 1638 1117 1683 meorum
1175 1617 1385 1682 obitus
1441 1615 1608 1681 tristi
1669 1616 2009 1680 affectione
2079 1635 2519 1680 commemoro.
2616 1616 2842 1681 titulus
2912 1615 3114 1680 libelli
3183 1623 3283 1680 est
3342 1613 3732 1679 Parentalia.

486 1722 785 1803 antiquae
845 1721 1302 1806 appellationis
1361 1719 1463 1784 hic
1523 1719 1663 1784 dies
1724 1726 1789 1783 et
1847 1720 1973 1784 iam
2021 1718 2170 1783 inde
2230 1720 2312 1783 ab
2360 1720 2574 1784 Numa
2618 1726 3029 1802 cognatorum
3074 1718 3324 1783 inferiis
3368 1718 3727 1782 institutus:

485 1844 597 1888 nec
653 1824 994 1905 quicquam
1056 1823 1342 1888 sanctius
1402 1822 1596 1887 habet
1657 1823 2018 1887 reverentia
2074 1822 2489 1906 superstitum
2549 1843 2740 1906 quam
2810 1829 2879 1887 ut
2942 1821 3213 1885 amissos
3285 1820 3738 1885 venerabiliter

485 1925 866 1992 recordetur.

1175 2201 1241 2265 2.
1291 2201 1502 2264 ITEM
1551 2200 2034 2265 PRAEFATIO
2083 2199 2496 2264 VERSIBVS
2543 2200 3039 2266 ADNOTATA.

1151 2372 1426 2437 Nomina
1471 2392 1761 2437 carorum
1806 2372 1934 2436 iam
1983 2372 2238 2436 condita
2282 2372 2508 2438 funere
2553 2372 2754 2451 iust0,
3643 2391 3736 2439 159

1322 2473 1476 2540 fleta
1521 2476 1700 2559 prius
1746 2474 2060 2554 lacrimiS,
2113 2494 2284 2539 nunc
2331 2475 2693 2540 memorabo
2739 2474 2980 2549 modiS,

1151 2579 1358 2657 nuda,
1416 2579 1555 2644 sine
1602 2585 1831 2643 ornatu
1878 2578 2186 2661 fandique
2233 2579 2520 2644 carentia
2567 2579 2775 2643 cultu:

1325 2682 1564 2748 sufficit
1604 2682 1854 2747 inferiis
1901 2682 2259 2765 exequialis
2305 2683 2526 2747 honos.

1019 2809 1042 2843 τ»
1152 2786 1347 2851 nenia
1392 2786 1677 2851 funereis
1724 2786 1883 2850 satis
1931 2786 2220 2851 officiosa
2263 2785 2572 2868 querellis

1325 2910 1541 2954 annua
1587 2909 1669 2953 ne
1713 2890 1911 2953 tacita
1956 2909 2221 2954 munera
2267 2897 2666 2973 praetereaS,

1151 3012 1317 3073 quae
1363 2993 1577 3056 Numa
1624 2992 1914 3075 cognatis
1961 2992 2299 3057 sollemnia
2346 2992 2606 3058 dedicat
2651 2991 2926 3063 umbris,

1322 3102 1393 3159 ut
1439 3094 1677 3177 gradus
1723 3102 1834 3159 aut
1879 3095 2101 3159 mortis
2147 3096 2429 3178 postulat
2472 3102 2585 3159 aut
2629 3093 2911 3177 generis.

1153 3199 1269 3264 hoc
1317 3198 1474 3264 satis
1520 3205 1585 3264 et
1627 3197 1920 3280 tumulis,
1974 3198 2135 3263 satis
2183 3205 2247 3262 et
2289 3197 2542 3265 telluris
2588 3197 2842 3281 egenis:

987 3325 1043 3364 ιυ
1326 3323 1481 3368 voce
1529 3302 1699 3367 ciere
1745 3302 1997 3366 animas
2043 3302 2285 3367 funeris
2333 3304 2537 3368 instar
2581 3303 2796 3368 habet.

1151 3407 1441 3490 gaudent
1484 3405 1799 3490 conpositi
1844 3405 2089 3470 cineres
2137 3425 2254 3470 sua
2298 3406 2561 3470 nomina
2607 3405 2771 3471 dici:

1325 3509 1638 3584 frontibus
1684 3508 1804 3573 hoc
1849 3508 2105 3592 scriptis
2152 3515 2215 3572 et
2260 3516 2673 3573 monumenta
2717 3508 2959 3572 iubent.

1150 3614 1261 3677 ille
1309 3612 1536 3691 etiam,
1591 3611 1824 3676 maesti
1871 3611 1975 3675 cui
2021 3610 2229 3676 defuit
2275 3631 2435 3675 urna
2482 3611 2800 3695 sepulcri.

1323 3715 1575 3780 nomine
1622 3721 1719 3779 ter
1764 3714 1931 3779 dicto
1977 3734 2187 3798 paene
2235 3715 2530 3797 sepultus
2576 3714 2716 3778 erit.

985 3842 1044 3880 ιε,
1152 3825 1218 3881 at
1265 3826 1369 3895 tu,
1423 3817 1804 3899 quicumque
1852 3837 1955 3894 es,
2012 3817 2240 3896 lector,
2296 3816 2404 3899 qui
2451 3817 2586 3881 fata
2628 3836 2909 3880 meorum

1325 3920 1612 4003 dignaris
1658 3921 1923 3984 maestis
1970 3940 2441 3984 conmemorare
2487 3920 2725 4002 elegiS,

1152 4026 1530 4089 inconcussa
1575 4030 1724 4087 tuae
1770 4042 2106 4108 percurras
2152 4030 2440 4107 tempora
2484 4024 2657 4088 vitae

1323 4135 1387 4192 et
1432 4135 1687 4212 praeter
1731 4127 1966 4191 iustum
2016 4126 2245 4191 funera
2289 4127 2473 4191 nulla
2517 4125 2700 4191 fleas.

1492 4421 1556 4486 3.
1609 4419 1894 4484 IVLIVS
1938 4418 2364 4484 AVSONIVS
2411 4419 2712 4484 PATER.

1149 4594 1400 4658 Primus
1446 4593 1512 4658 in
1558 4593 1659 4658 his
1704 4598 1888 4678 pater
1931 4591 2286 4670 Ausonius,
2344 4611 2534 4673 quem
2581 4612 2814 4676 ponere
2861 4592 3166 4676 primum,
3538 4610 3629 4657 160
3676 4610 3730 4664 51*

1322 4697 1442 4762 etsi
1489 4704 1816 4763 cunctetur
1858 4695 2066 4774 filius,
2123 4695 2275 4760 ordo
2321 4696 2522 4761 iubet.

1150 4820 1303 4865 cura
1350 4800 1490 4876 dei,
1546 4800 1843 4885 placidae
1888 4801 2147 4866 functus
2192 4798 2363 4882 quod
2410 4800 2646 4864 honore
2694 4806 2992 4864 senectae

1323 4903 1630 4968 undecies
1676 4903 1863 4968 binas
1910 4903 2070 4968 vixit
2112 4901 2545 4987 olympiadas.

658 5169 769 5216 XV.
810 5163 871 5218 2.
943 5170 974 5216 6
1015 5169 1162 5229 Verg.
1208 5171 1337 5216 Aen.
1380 5168 1425 5214 V
1463 5167 1528 5216 53
1557 5181 1632 5227 sq.
1674 5181 1842 5214 annua
1882 5173 1990 5214 vota
2029 5173 2194 5215 tamen
2235 5168 2594 5226 sollemnisque
2632 5166 2802 5213 ordine
2842 5179 3044 5226 pompas
3082 5178 3358 5224 exequerer

655 5407 765 5455 XV.
812 5402 870 5457 1.
943 5391 1131 5468 Ῑηῖἱῑῖίῐ
1167 5410 1441 5469 parentalia
1480 5409 1710 5457 reliciter.
1753 5409 1964 5470 prefatio
2001 5408 2052 5454 in
2093 5396 2233 5468 prosa
2280 5408 2320 5454 V
2564 5405 2594 5454 2
2633 5407 2896 5466 aliqotiens
2944 5407 2983 5451 V
3024 5409 3069 5466 (q
3108 5421 3164 5454 α
3201 5421 3225 5448 n
3262 5402 3351 5466 m2)
3594 5406 3620 5453 7
3663 5420 3745 5452 τε,

494 5487 717 5540 nerentii
763 5494 800 5538 V

652 5575 711 5630 2.
785 5578 815 5627 2
853 5569 986 5626 nun⁰
1032 5580 1074 5625 V
1108 5580 1154 5640 (c
1186 5577 1280 5640 m2)
1544 5580 1576 5626 6
1613 5594 1710 5628 ne*
1759 5581 1800 5626 V
1836 5583 1878 5636 (c
1915 5581 2065 5640 eras.)
2313 5581 2497 5627 tacitus
2544 5580 2583 5623 V
2617 5579 2770 5624 tacita
2809 5577 3032 5622 anndes
3294 5581 3324 5625 S
3362 5584 3419 5624 nt
3457 5580 3654 5636 generis
3704 5580 3741 5623 Υ

480 5679 603 5715 corr.
647 5666 806 5726 Luqd.
1018 5666 1051 5716 9
1090 5662 1283 5715 timnlis
1334 5667 1372 5712 V

653 5747 713 5803 8·
785 5753 813 5801 2
853 5760 1092 5800 cuntetnr
1139 5753 1178 5798 V
1384 5753 1413 5800 4
1452 5753 1746 5814 olimpiades
1796 5754 1834 5798 V

633 5854 669 5894 Δ
672 5863 875 5893 kukukukuku
3292 5856 3323 5903 6
