4630 6435
729 440 811 503 82
2206 436 2517 495 AVSONII

728 633 1094 714 praestent,
1161 636 1232 695 ut
1287 650 1408 713 ego
1465 630 1585 696 hoc
1637 638 1816 696 tuum
1873 649 2131 695 carmen
2189 629 2372 695 libris
2418 628 2697 694 Maronis
2757 628 3062 712 adiungo.
3159 627 3275 694 sed
3330 628 3455 695 iam
3522 628 3817 696 desinam
3872 630 3997 696 mei

730 734 970 799 oblitus
1016 734 1255 800 doloris
1299 736 1634 801 inhaerere
1682 733 1982 800 laudibus
2027 734 2154 800 tuis
2177 786 2191 815 ,
2243 753 2325 799 ue
2373 734 2492 798 hoc
2536 754 2788 817 quoque
2836 733 2921 797 ad
2965 733 3238 816 gloriam
3284 740 3459 799 tuam
3505 733 3764 817 trahas,
3826 736 3996 819 quod

726 841 792 900 te
838 836 1141 901 miramur
1185 838 1435 902 offensi.
1519 856 1791 923 spargas
1837 836 1989 903 licet
2029 836 2357 902 volumina
2401 842 2513 901 tua
2560 844 2626 902 et
2667 856 2769 901 me
2807 856 3062 922 semper
3092 836 3405 922 excipias,
3458 837 3745 903 fruemur
3775 846 3990 904 tamen

727 945 837 1004 tuo
885 959 1078 1023 opere
1125 938 1241 1005 sed
1288 940 1557 1005 aliorum
1605 940 2031 1023 benignitate.
2127 939 2296 1004 vale.
4030 959 4092 1001 2⁵

2087 1179 2156 1249 2.
2200 1176 2623 1247 MOSELLA.

1396 1345 1809 1412 Transieram
1855 1346 2129 1412 celerem
2178 1346 2489 1410 nebuloso
2535 1343 2796 1409 flumine
2842 1345 3093 1408 Navam
3545 1365 3645 1414 334
3688 1368 3873 1428 (Edyu.
3920 1369 3987 1425 x)

1395 1448 1619 1513 addita
1663 1449 1928 1515 miratus
1973 1448 2175 1514 veteri
2221 1467 2389 1512 nova
2433 1446 2687 1511 moenia
2732 1446 2977 1529 Ving0,
3827 1452 3984 1516 (om)

1396 1551 1698 1635 aequavit
1744 1552 1962 1617 Latias
2007 1551 2119 1616 ubi
2164 1550 2489 1633 quondam
2537 1549 2755 1615 Gallia
2798 1549 3093 1632 Cannas,

1395 1654 1780 1739 infletaeque
1824 1655 2038 1721 iacent
2081 1653 2308 1740 inopes
2358 1672 2551 1738 super
2594 1673 2751 1718 arva
2798 1661 3117 1718 catervae.

1264 1780 1288 1817 ⁵
1397 1759 1567 1824 unde
1610 1758 1733 1824 iter
1775 1758 2150 1842 ingrediens
2196 1777 2532 1822 nemorosa
2578 1777 2695 1842 per
2738 1757 2886 1822 avia
2931 1756 3137 1821 solum

1396 1869 1460 1928 et
1502 1863 1682 1928 nulla
1725 1862 1988 1928 humani
2034 1868 2334 1947 spectans
2380 1861 2659 1944 vestigia
2704 1862 2916 1926 cultus

1392 1973 1728 2051 praetereo
1772 1972 2057 2031 arentem
2106 1963 2472 2035 sitientibus
2519 1964 2804 2047 undique
2850 1964 3036 2029 terris

1393 2069 1810 2135 Dumnissum
1858 2069 2200 2152 riguasque
2246 2067 2514 2153 pereuni
2561 2067 2735 2132 fonte
2782 2069 3114 2133 Tabernas

1394 2192 1674 2256 arvaque
1723 2173 2172 2237 Sauromatum
2218 2191 2425 2256 nuper
2468 2177 2708 2236 metata
2754 2170 3029 2249 colonis,

1229 2296 1287 2336 ιο
1394 2283 1458 2341 et
1500 2275 1760 2341 taudem
1807 2275 2031 2361 primis
2077 2274 2425 2357 Belgarum
2473 2274 2806 2360 conspicor
2849 2274 2977 2339 oris

1394 2379 1853 2463 Noiomagum‚
1911 2377 2042 2443 divi
2090 2384 2304 2444 castra
2349 2377 2571 2443 inclita
2617 2376 3041 2443 Constantini.

1392 2483 1609 2568 purior
1653 2483 1759 2548 hic
1802 2483 2049 2567 campis
2094 2502 2207 2547 aer
2250 2480 2678 2565 Phoebusque
2725 2501 2952 2547 sereno

1393 2586 1633 2652 lumine
1680 2604 2070 2671 purpureum
2118 2591 2365 2649 reserat
2407 2584 2537 2649 iam
2584 2585 2785 2650 sudus
2830 2583 3209 2670 Olympum,

1390 2708 1510 2753 nec
1552 2688 1680 2753 iam
1728 2687 2034 2753 consertis
2078 2707 2195 2772 per
2237 2693 2459 2751 mutua
2502 2687 2763 2752 vincula
2809 2687 3005 2752 ramis

1225 2812 1284 2851 ιε»
1392 2791 1717 2875 quaeritur
1761 2791 2092 2856 exclusum
2137 2788 2330 2854 viridi
2377 2789 2657 2872 caligine
2703 2792 2988 2871 caelum,

1392 2894 1510 2961 sed
1555 2894 1866 2979 liquidum
1914 2894 2100 2959 iubar
2144 2900 2209 2958 et
2253 2894 2510 2958 rutilam
2557 2894 2915 2960 visentibus
2960 2896 3250 2960 aethram

1388 2999 1594 3065 libera
1637 2998 1962 3084 perspicui
2007 3019 2136 3064 non
2180 2997 2430 3063 invidet
2475 3018 2632 3063 aura
2678 2997 2829 3064 diei.

1386 3103 1453 3168 in
1499 3103 1779 3188 speciem
1826 3108 1960 3168 tum
2005 3121 2110 3166 me
2155 3102 2404 3187 patriae
2450 3103 2819 3185 cultumque
2865 3102 3130 3169 nitentis

1384 3206 1778 3291 Burdigalae
1825 3205 2066 3271 blando
2111 3206 2502 3291 pepulerunt
2548 3207 2763 3272 omnia
2810 3206 2987 3272 visu:

1218 3329 1278 3370 20
1386 3311 1665 3377 culmina
1707 3309 2007 3375 villarum
2052 3308 2486 3393 pendentibus
2534 3310 2709 3375 edita
2753 3310 2911 3394 ripis

1385 3420 1450 3479 et
1491 3413 1729 3479 virides
1776 3412 2016 3478 baccho
2062 3414 2262 3478 colles
2307 3419 2373 3477 et
2417 3433 2690 3479 amoena
2735 3411 2976 3478 fluenta

1386 3516 1886 3583 subterlabentis
1930 3516 2123 3581 tacito
2169 3535 2420 3581 rumore
2466 3515 2801 3580 Mosellae.

1558 3620 1753 3686 Salve
1797 3619 2008 3684 amnis
2053 3618 2317 3685 laudate
2362 3618 2573 3702 agris,
2629 3619 2887 3685 laudate
2934 3620 3209 3701 colonis,

1383 3723 1653 3808 dignata
1695 3723 1964 3808 imperio
2011 3722 2249 3789 debent
2291 3723 2398 3789 eui
2444 3722 2699 3789 moenia
2741 3723 3019 3806 Belgae,

883 3970 1078 4020 xvm.
1120 3965 1180 4020 2.
1253 3970 1281 4017 4
1322 3968 1471 4027 Verg.
1513 3970 1643 4015 Aen.
1685 3966 1758 4014 XI
1797 3966 1895 4015 372
1923 3981 1996 4028 sq.
2041 3979 2129 4014 nos
2165 3966 2364 4014 animae
2403 3967 2562 4026 viles,
2614 3966 2876 4015 inhumata
2911 3967 3184 4028 infletaque
3220 3970 3391 4029 turba,
3446 3975 3726 4018 sternamur
3762 3972 3968 4032 campis,

711 4052 783 4101 VI
823 4053 922 4102 325
960 4056 1103 4118 inops
1140 4055 1505 4117 inhumataque
1543 4055 1692 4102 turba
1729 4059 1806 4101 est
2021 4051 2079 4100 12
2107 4065 2182 4113 sq.
2227 4052 2380 4112 Verg.
2411 4053 2541 4100 Aen.
2580 4053 2650 4099 vl
2678 4053 2777 4101 640
2803 4067 2879 4114 sq.
2919 4054 3101 4110 largior
3135 4053 3216 4101 hic
3251 4067 3447 4115 campos
3484 4055 3655 4103 aether
3691 4063 3743 4104 et
3779 4058 3973 4105 lumine

713 4141 867 4188 vestit
902 4155 1151 4203 purpureo
1365 4141 1427 4190 15
1465 4141 1614 4200 Verg.
1658 4141 1788 4188 Aen.
1828 4139 1902 4186 XI
1946 4138 2042 4187 187
2082 4139 2295 4199 caligine
2334 4139 2526 4186 caelum

883 4365 949 4416 22
987 4373 1181 4429 prestet
1221 4368 1280 4428 G,
1323 4369 1461 4428 §stet
1497 4366 1556 4424 Β,
1600 4367 1821 4427 praestat
1858 4359 1936 4425 λ’,
1979 4367 2238 4424 praestent
2279 4359 2407 4424 V2l‹'‚
2451 4369 2704 4426 praestem
2739 4366 2883 4425 volyo
3092 4365 3183 4413 hoc
3218 4377 3314 4414 om.
3357 4365 3499 4425 volqo
3708 4365 3973 4425 adiungam

719 4449 792 4499 V2
1020 4451 1084 4501 23
1123 4455 1230 4501 tuis
1267 4454 1503 4501 laudibus
1540 4451 1803 4499 inhaerere
1839 4449 1885 4496 Β
2116 4445 2337 4514 quoque]
2372 4450 2576 4511 quidem
2617 4451 2661 4497 Ρ
2897 4450 3096 4513 trahaas
3132 4448 3180 4509 λ,
3223 4450 3455 4499 trahatur
3494 4451 3549 4513 F,
3593 4451 3795 4499 accedat
3829 4452 3972 4511 volqo

711 4535 774 4583 24
813 4539 1053 4586 miramur
1087 4544 1138 4586 te
1175 4536 1204 4587 λ
1414 4538 1619 4586 offensis
1652 4532 1726 4584 V²
1759 4536 1828 4599 (in
1863 4550 1958 4598 quo
1997 4537 2085 4584 alt.
2128 4550 2152 4583 s
2187 4535 2505 4596 expunctum)
2540 4535 2716 4597 HM)
2935 4541 3024 4583 tua
3059 4550 3155 4586 om.
3198 4537 3342 4596 volyo
3550 4535 3615 4586 25
3655 4538 3765 4584 vale
3801 4551 3898 4587 om.
3927 4537 3973 4583 Β

879 4618 940 4673 2.
1012 4625 1274 4685 Incipiunt
1311 4628 1547 4685 excerpta
1582 4625 1644 4670 de
1679 4622 1937 4685 opusculis
1975 4622 2171 4669 Decimi
2196 4621 2366 4681 Magni
2393 4622 2609 4670 Ausonii
2634 4622 2842 4670 Mosella
2872 4623 2976 4682 ΟΒ,
3020 4623 3203 4686 Incipit
3240 4624 3578 4683 fragmentum
3603 4624 3816 4672 Ausonii
3854 4636 3972 4686 poe·

708 4715 787 4756 tae
825 4707 874 4768 λ,
914 4710 1115 4759 Mosella
1152 4711 1367 4759 Ausonii
1405 4711 1502 4758 uiri
1541 4710 1754 4757 illustris
1792 4713 1844 4756 et
1877 4709 2151 4757 consularis
2189 4709 2371 4770 incipit
2413 4709 2506 4767 119.
2545 4709 2744 4755 nullum
2780 4711 2959 4757 lemma
2997 4712 3051 4756 in
3090 4709 3132 4754 Z
3170 4729 3232 4751 =
3270 4708 3378 4758 cod.
3421 4710 3784 4769 Rhenauqicnsa'
3823 4708 3977 4756 LXII

705 4809 830 4844 saec.
859 4796 969 4843 ΧΙΙ
1007 4796 1066 4857 (s.
1098 4794 1210 4857 390)
1251 4801 1297 4844 et
1335 4796 1382 4842 Χ
1405 4812 1469 4837 ==
1496 4795 1763 4856 Rcyincnsi
1805 4796 1935 4841 1650
1971 4808 2099 4843 saec.
2131 4795 2180 4840 Χ
2207 4794 2263 4856 (Γ.
2297 4791 2431 4854 390),
2474 4797 2557 4857 qui
2593 4794 2769 4841 desinit
2807 4797 2861 4842 in
2894 4808 3038 4842 versu
3063 4797 3180 4843 180.
3245 4795 3304 4842 dc
3338 4796 3529 4857 Uyolcti
3553 4794 3766 4844 cditae‘onz
3790 4800 3835 4842 ct
3862 4794 3966 4844 cod.

712 4882 1074 4931 Vindobonensi
1095 4882 1167 4943 cf.
1195 4896 1314 4945 quac
1336 4898 1391 4943 p.
1413 4885 1476 4931 81
1506 4881 1746 4929 adnotavi
1947 4880 1968 4928 1
2013 4882 2255 4929 nebuloso
2283 4880 2331 4926 Χ
2356 4881 2401 4942 (ο
2427 4882 2516 4928 alt.
2546 4895 2604 4928 ex
2628 4880 2672 4940 e)
2878 4883 3070 4950 flumpe
3097 4881 3157 4942 G,
3187 4882 3382 4929 lumine
3408 4880 3540 4930 θοαὶ.
3570 4883 3727 4943 volyo,
3772 4883 3971 4930 flamine

709 4978 978 5026 Mommsen
1186 4991 1367 5026 nauem
1405 4978 1456 5025 X
1661 4975 1691 5025 2
1730 4978 1895 5039 menia
1936 4975 1977 5020 Z
2174 4960 2284 5023 n‘sco
2322 4972 2371 5034 λ,
2413 4990 2552 5023 muro
2597 4976 2712 5038 Uy„
2755 4977 2865 5024 uico
2900 4980 3012 5039 cet„
3055 4977 3214 5025 Vince
3252 4974 3459 5036 Minuta,
3500 4976 3664 5037 Vingo
3702 4974 3972 5024 Mommsen

705 5063 735 5111 4
774 5065 1075 5126 innecteque
1113 5064 1162 5111 Χ
1193 5069 1241 5112 et
1275 5065 1538 5112 chronicon
1577 5063 1861 5109 coloniense
1897 5048 1991 5108 36⁶
2202 5063 2405 5123 sinopes
2438 5062 2480 5109 0
2504 5061 2546 5122 (s
2567 5076 2646 5121 pr.
2677 5062 2773 5110 del.
2802 5059 2891 5123 m2)
2926 5063 2987 5121 Χ,
3028 5050 3202 5124 inop⁰s
3240 5058 3268 5112 λ
3297 5061 3341 5123 (e
3365 5059 3451 5123 m2)
3665 5068 3890 5111 caterues
3928 5063 3977 5109 Χ

705 5149 732 5195 'a'
773 5150 951 5211 utique
989 5149 1038 5196 X
1244 5148 1275 5197 8
1313 5150 1624 5197 dumnissam
1655 5149 1711 5209 Z,
1755 5147 2047 5195 dumnisum
2090 5148 2148 5208 X,
2192 5148 2596 5209 dumnixumque
2632 5146 2696 5197 λ*
2903 5150 3073 5208 riguas
3113 5149 3324 5210 sepenni
3354 5149 3401 5195 Χ
3607 5147 3638 5196 9
3677 5149 3907 5197 comitata
3941 5146 3969 5197 λ

707 5233 769 5282 10
805 5235 1062 5293 gelbarum
1100 5235 1145 5281 B
1353 5236 1487 5283 horis
1525 5236 1614 5282 ΧΖ
1828 5232 1882 5282 11
1927 5235 2262 5293 noiomagium
2301 5231 2344 5278 G
2390 5235 2422 5293 (i
2450 5237 2542 5282 alt.
2572 5236 2744 5296 ema),
2789 5248 3113 5296 nogomagum
3152 5236 3213 5292 Χ,
3255 5235 3584 5296 Nivomagum
3628 5235 3721 5295 Uq.
3762 5235 3905 5294 volyo

704 5319 811 5367 divi
839 5316 1014 5385 castra]
1039 5322 1258 5369 climcast
1283 5319 1312 5370 λ
1346 5321 1476 5382 (cum
1501 5323 1660 5383 spatio
1685 5321 1718 5368 3
1743 5321 1885 5380 litt),
1915 5320 2145 5368 climeast
2182 5319 2268 5380 Uy.
2305 5320 2436 5382 (cum
2461 5323 2620 5380 spatio
2648 5323 2677 5369 5
2703 5321 2821 5380 lm.)
3009 5319 3069 5368 12
3107 5334 3309 5383 campus
3333 5321 3377 5367 B
3536 5335 3621 5368 aer
3645 5322 3835 5382 campis
3864 5320 3905 5366 Ζ

702 5407 998 5470 phebusque
1037 5403 1144 5454 Ba*
1358 5405 1419 5455 13
1457 5408 1700 5455 iamsidus
1745 5407 1786 5453 G
1994 5408 2246 5454 reserabat
2282 5406 2437 5465 sydus
2478 5407 2517 5452 Z
2727 5408 2981 5466 olympum
3021 5403 3063 5450 G
3111 5406 3155 5466 (y
3192 5420 3252 5454 ex
3287 5408 3325 5468 i)
3370 5408 3411 5453 Z
3455 5408 3570 5468 Uy„
3613 5407 3891 5469 olimphum
3927 5407 3976 5454 Χ

708 5491 770 5541 14
796 5508 885 5557 per
909 5493 955 5540 Β
983 5493 1056 5555 (in
1077 5508 1177 5552 my.
1207 5493 1281 5555 in)
1476 5491 1539 5542 15
1565 5498 1616 5541 et
1641 5494 1836 5542 clusum
1865 5494 1909 5540 Χ
2098 5490 2161 5542 16
2188 5492 2411 5540 aetrham
2443 5493 2489 5539 Χ
2519 5493 2585 5552 (et
2607 5506 2665 5539 cz·
2688 5497 2833 5553 corr.)
3042 5490 3100 5540 17
3130 5493 3393 5541 noniuidet
3417 5491 3480 5556 G,
3510 5507 3611 5541 non
3637 5494 3836 5542 inuidat
3859 5493 3907 5540 Χ

700 5580 816 5626 aula
846 5579 887 5624 Z
1090 5577 1151 5626 18
1188 5579 1240 5628 in
1265 5582 1383 5629 mai.
1414 5580 1508 5629 litt.
1545 5582 1612 5629 in.
1645 5577 1689 5624 G
1890 5592 2004 5626 cum
2029 5578 2194 5637 codd„
2225 5585 2334 5626 tum
2361 5578 2608 5637 Boeektnq
2800 5561 3031 5628 nitentes
3056 5578 3119 5638 B,
3150 5581 3371 5628 nitentes
3401 5575 3557 5629 XZZ*
3759 5578 3823 5629 19
3856 5581 3973 5628 bur·

700 5665 875 5728 degale
912 5664 973 5727 Β,
1015 5664 1238 5725 rudigale
1275 5662 1340 5714 λ*
1617 5665 1682 5714 20
1720 5661 1866 5733 ripis]
1905 5666 2042 5713 saxis
2078 5665 2138 5726 B,
2182 5665 2320 5712 uillis
2363 5664 2403 5709 Z
2681 5663 2740 5714 21
2783 5666 2939 5714 bacho
2975 5666 3067 5713 ΒΖ
3331 5680 3508 5730 amena
3544 5666 3610 5727 Β,
3649 5681 3827 5716 amena
3868 5661 3973 5716 Ζλ*

699 5749 764 5799 22
800 5753 976 5799 subter
1011 5751 1229 5800 labentis
1266 5752 1326 5812 Β,
1369 5752 1777 5800 subter-labentes
1813 5749 1841 5801 λ
2052 5756 2183 5798 tacto
2219 5748 2248 5799 λ
2461 5748 2525 5798 23
2563 5749 2702 5798 salue
2737 5754 2859 5801 mai.
2901 5753 2999 5798 litt.
3043 5754 3113 5800 in.
3156 5749 3249 5798 ΟΒ
3457 5751 3522 5803 24
3559 5755 3729 5816 menia
3773 5754 3815 5800 Z
