4630 6435
814 473 894 534 30
2287 463 2596 518 AVSONII

810 665 1215 739 transcursu,
1268 675 1459 738 quam
1509 661 1608 720 est
1651 653 2014 739 properatio
2059 651 2257 718 nostri
2303 652 2646 729 sermonis,
2702 651 2980 731 evolvis,
3035 652 3218 717 nulla
3262 653 3482 736 requie
3528 654 3673 735 otii,
3734 676 3815 721 ne
3862 656 4063 721 somni

813 760 1070 844 quidem
1130 766 1244 825 aut
1301 759 1428 825 cibi
1489 779 1752 824 munere
1808 756 2094 839 liberali,
2159 762 2228 820 ut
2287 755 2539 821 Gallias
2598 763 2743 821 tuas
2801 755 3167 841 inopinatus
3224 755 3540 835 illustres,
3610 764 3679 823 ut
3737 760 4065 825 consulem

812 872 1032 945 tuum,
1086 862 1384 945 quamvis
1431 861 1870 939 desideratae,
1939 860 2291 944 anticipes,
2351 866 2423 924 ut
2467 859 2648 924 illam
2692 860 2935 945 ipsam,
2990 880 3156 943 quae
3200 879 3393 925 auras
3439 862 3830 944 praecedere
3877 864 4056 945 solet,

816 969 1056 1033 famam
1105 966 1312 1031 facias
1357 966 1730 1031 tardiorem.
1827 965 1948 1030 hoc
1993 963 2307 1030 senectuti
2353 983 2561 1043 meae,
2615 963 2735 1028 hoc
2779 962 3004 1028 honori
3049 985 3091 1029 a
3133 970 3198 1029 te
3243 964 3501 1030 datum:
3572 968 3677 1029 83.
3730 985 4067 1049 supremus
4107 983 4168 1024 πο

813 1071 927 1137 ille
970 1069 1228 1155 imperii
1273 1076 1339 1135 et
1383 1067 1791 1134 consiliorum
1837 1075 2087 1133 tuorum
2132 1066 2295 1132 deus
2343 1066 2636 1132 conscius
2682 1073 2748 1133 et
2791 1066 3030 1132 arbiter
3073 1073 3137 1133 et
3181 1073 3404 1133 auctor
3452 1067 3756 1150 indulsit,
3825 1076 3895 1134 ut
3938 1070 4070 1135 sel-

811 1176 945 1241 lam
992 1172 1298 1252 curulem,
1352 1171 1532 1237 cuius
1580 1170 1798 1237 sedem
1845 1171 2214 1252 frequenter
2257 1170 2538 1249 ornabis,
2592 1176 2662 1235 ut
2706 1176 3105 1253 praetextam
3148 1192 3359 1237 meam
3391 1192 3714 1256 purpurae
3744 1178 3894 1238 tuae
3926 1174 4067 1238 luce

813 1279 1121 1357 fucatam,
1175 1282 1244 1341 ut
1288 1275 1576 1340 trabeam
1625 1295 1752 1339 non
1797 1274 2010 1358 magis
2056 1295 2212 1339 auro
2258 1293 2374 1338 suo
2421 1294 2614 1356 quam
2660 1294 2924 1339 munere
2955 1280 3064 1339 tuo
3096 1274 3530 1359 splendidam,
3583 1295 3749 1357 quae
3795 1277 3876 1340 ab
3907 1275 4069 1359 Illy-

812 1381 943 1447 rico
991 1379 1305 1445 sermonis
1351 1377 1636 1461 dignitas
1680 1376 2080 1458 honestavit,
2146 1376 2323 1461 apud
2371 1376 2623 1442 Gallias
2670 1375 3022 1443 illustriora
3081 1385 3482 1461 praestares,
3549 1383 3953 1461 quaestorem
3999 1385 4070 1444 ut

810 1492 1011 1566 tuum,
1066 1482 1459 1567 praefectum
1506 1486 1576 1545 ut
1620 1487 1731 1545 tuo
1777 1480 2120 1564 praetoriO,
2175 1481 2501 1545 consulem
2548 1486 2727 1545 tuum
2775 1485 2858 1561 et,
2911 1482 3084 1563 quod
3129 1481 3342 1546 adhuc
3385 1480 3630 1546 cunctis
3669 1482 3831 1547 meis
3860 1482 4066 1547 nomi—
4106 1500 4166 1542 25

812 1588 1001 1652 nibus
1047 1585 1407 1671 anteponis,
1461 1589 1942 1669 praeceptorem
1988 1591 2187 1665 tuum,
2244 1604 2432 1666 quem
2478 1582 2591 1667 pia
2635 1603 2792 1649 voce
2838 1582 3311 1667 declaraveras,
3370 1584 3543 1651 iusta
3587 1584 3833 1652 ratione
3879 1605 4066 1670 prac-

811 1692 1075 1771 tuleras‚
1130 1690 1386 1755 liberali
1429 1688 1733 1771 largitate
1780 1687 2124 1769 ditaveraS,
2177 1686 2515 1769 Augustae
2561 1686 2955 1769 dignationis
2999 1687 3231 1753 officiis
3277 1707 3706 1754 consecrares.

1268 2094 1542 2191 VIIII.
1615 2092 2043 2191 VERSVS
2108 2090 2749 2190 PASCHALES
2827 2091 3230 2196 †PR000
3295 2096 3609 2193 DICTI.

1479 2307 1718 2373 Sancta
1762 2306 2082 2372 salutiferi
2126 2305 2398 2370 redeunt
2444 2306 2784 2373 sollemnia
2830 2305 3067 2371 Christi
3649 2328 3747 2378 317
3794 2329 3977 2391 (Edyn.
4023 2332 4058 2392 1)

1479 2418 1543 2476 et
1587 2410 1824 2475 devota
1866 2409 1957 2494 pii
2004 2408 2336 2475 celebrant
2378 2408 2621 2475 ieiunia
2666 2416 2938 2494 mystae.
3772 2400 3775 2401 ⁷
3887 2416 4059 2477 (VPw)

1479 2520 1548 2579 at
1589 2532 1707 2578 nos
1752 2519 2087 2578 aeternum
2132 2511 2510 2578 cohibentes
2556 2519 2814 2597 pectore
2861 2516 3100 2580 cultum

1477 2617 1995 2682 intemeratorum
2041 2616 2166 2680 vim
2216 2615 2664 2682 continuamus
2710 2617 3041 2683 honorum.

1347 2741 1373 2780 5
1479 2741 1694 2787 annua
1738 2740 1893 2785 cura
1939 2717 2174 2802 sacriS,
2225 2718 2399 2801 iugis
2446 2720 2805 2786 reverentia
2849 2722 3058 2786 nobis.

1651 2824 1887 2907 Magne
1931 2829 2117 2908 pater
2158 2843 2398 2904 rerum,
2454 2821 2558 2887 cui
2602 2829 2773 2888 terra
2816 2830 2881 2889 et
2924 2832 3156 2908 pontus
3202 2834 3266 2892 et
3312 2834 3426 2892 aer

1476 2933 1846 3010 tartaraque
1893 2933 1957 2993 et
2000 2926 2152 3012 picti
2199 2926 2399 2992 servit
2440 2926 2639 3011 plaga
2686 2929 2897 2993 lactea
2942 2928 3141 3009 caeli,

1475 3030 1670 3096 noxia
1711 3050 1904 3115 quem
1951 3029 2264 3096 scelerum
2310 3028 2522 3114 plebis
2566 3030 2784 3095 tremit
2825 3030 3125 3114 almaque
3171 3051 3419 3098 russum

1479 3134 1885 3200 concelebrat
1930 3132 2093 3198 votis
2139 3130 2500 3197 animarum
2547 3133 2736 3197 turba
2779 3133 3061 3219 piarum:

1316 3259 1371 3300 ιο
1477 3245 1546 3303 tu
1593 3237 1805 3303 brevis
1850 3237 2021 3302 hunc
2064 3235 2208 3301 aevi
2254 3255 2506 3302 cursum
2555 3237 2957 3322 celeremque
3004 3240 3287 3304 caducae

1476 3341 1669 3406 finem
1714 3339 1970 3405 animae
2014 3338 2278 3406 redimis
2324 3345 2627 3405 aeternae
2671 3360 2935 3406 munere
2980 3342 3173 3407 vitae.

1475 3451 1544 3510 tu
1591 3443 1781 3510 mites
1827 3444 2043 3526 legum
2089 3441 2367 3507 monitus
2415 3462 2761 3526 sacrosque
2805 3444 3152 3528 prophetas

1477 3548 1756 3613 humano
1801 3545 2095 3631 impertis
2139 3545 2362 3630 generi
2409 3566 2758 3630 servasque
2802 3554 3104 3632 nepotes,

1479 3650 1816 3736 deceptum
1863 3650 2204 3715 miseratus
2251 3649 2495 3731 Adam,
2547 3671 2735 3734 quem
2784 3657 2976 3735 capta
3019 3653 3286 3718 venenis

1314 3777 1370 3816 15
1475 3755 1794 3840 implicuit
1836 3754 2080 3819 socium
2125 3753 2385 3819 blandis
2430 3754 2753 3819 erroribus
2797 3755 2958 3819 Eva.

1475 3865 1546 3922 tu
1592 3857 1886 3938 verbum,
1942 3865 2125 3941 pater
2169 3857 2375 3937 alme,
2428 3864 2640 3938 tuum,
2695 3865 3042 3942 natumque
3087 3858 3435 3942 deumque,

1478 3959 1778 4027 concedis
1823 3960 2010 4025 terris
2054 3965 2253 4025 totum
2300 3960 2702 4044 similemque
2748 3981 3127 4046 paremque,

1478 4085 1558 4129 ex
1605 4083 1756 4128 vero
1800 4082 2020 4129 verum
2066 4062 2346 4146 vivaque
2391 4063 2473 4128 ab
2519 4062 2766 4147 origine
2812 4063 3051 4129 vivum.

1477 4166 1591 4233 ille
1634 4167 1762 4232 tuis
1807 4167 2033 4233 doctus
2078 4166 2337 4232 monitis
2384 4167 2504 4232 hoc
2547 4165 2800 4233 addidit
2843 4188 3072 4248 unum,

1310 4290 1372 4334 20
1477 4278 1550 4337 ut
1591 4290 1786 4355 super
1828 4289 2183 4355 aequoreas
2225 4271 2425 4336 nabat
2464 4270 2575 4355 qui
2622 4270 2884 4356 spiritus
2928 4271 3138 4338 undas

981 4516 1151 4565 vnn.
1228 4515 1292 4564 20
1329 4514 1456 4564 Gen.
1499 4517 1523 4564 1
1564 4516 1608 4576 1,
1653 4515 1684 4566 2
1724 4522 1777 4565 et
1811 4517 2022 4579 spiritus
2059 4515 2143 4563 dei
2179 4516 2435 4564 ferebatur
2471 4487 2623 4578 super
2658 4529 2812 4577 aquas

987 4738 1049 4789 17
1087 4744 1377 4789 transuersa
1414 4756 1562 4789 cursu
1601 4741 1655 4787 M
1861 4741 2042 4788 semini
2081 4739 2138 4787 M
2366 4739 2427 4790 18
2464 4741 2790 4801 inoppinatus
2830 4740 2886 4786 M
3109 4741 3173 4789 20
3211 4742 3316 4789 dati
3358 4740 3414 4787 M
3618 4739 3684 4788 22
3721 4741 3973 4788 currulem
4012 4739 4066 4785 M

809 4827 873 4876 23
912 4829 1134 4888 fugatam
1164 4828 1217 4888 Τ,
1258 4818 1480 4891 fugatam
1511 4843 1547 4888 p
1773 4829 1968 4875 rabeam
2007 4827 2064 4873 M
2288 4827 2472 4874 illirico
2513 4826 2612 4872 TM
2838 4826 2904 4874 24
2941 4822 3226 4891 :inpetrauit
3261 4827 3515 4875 onestauit
3555 4827 3596 4873 Τ
3828 4826 3982 4886 gallia
4022 4825 4061 4870 Τ

811 4914 874 4963 25
912 4903 1035 4962 adh⁰
1076 4914 1118 4960 Τ
1325 4915 1466 4963 Finit
1501 4915 1771 4975 gratiarum
1808 4916 1936 4962 actio
1978 4913 2019 4960 Τ
2056 4917 2101 4961 ct
2131 4912 2268 4976 (add.
2297 4914 2432 4974 apud
2456 4914 2754 4974 gratianum)
2795 4929 2847 4976 v,
2886 4913 3029 4961 Finit
3064 4914 3332 4973 gratiarum
3368 4916 3493 4961 actio
3531 4914 3595 4961 de
3632 4912 3894 4961 consulatu
3932 4913 4063 4973 apud

810 5000 1108 5049 Gratianum
1144 5001 1434 5061 Augustum
1471 5001 1607 5062 MpE

982 5087 1148 5137 V1111.
1225 5089 1411 5136 Versus
1449 5087 1669 5149 pascales
1705 5086 1958 5148 procodici
1966 5100 1981 5132 ι
2028 5085 2069 5132 V
2092 5086 2279 5148 (Proclo
2306 5086 2431 5133 dicti
2456 5085 2616 5147 Saul„
2658 5086 2811 5133 Probo
2835 5086 2956 5133 dicti
2982 5085 3231 5148 Heinsius,
3273 5100 3361 5147 pro
3386 5099 3512 5134 coss.
3541 5085 3667 5134 dicti
3693 5085 3933 5146 Branaa,
3975 5098 4061 5147 pro

809 5172 1017 5221 Caesare
1053 5175 1129 5221 vel
1167 5173 1464 5223 Caesaribus
1502 5174 1703 5233 Har-tel,
1749 5172 1964 5232 fortasse
2002 5187 2065 5219 ex
2103 5177 2323 5234 tempore
2359 5172 2533 5234 dicti),
2587 5172 2849 5232 Incipiunt
2884 5185 3065 5220 uersus
3101 5174 3321 5233 pascales
3360 5172 3501 5219 Decii
3540 5172 3707 5231 Magni
3745 5172 3960 5222 Ausonii
3999 5171 4056 5231 P,

808 5260 966 5319 Incip.
1009 5273 1185 5307 uersus
1222 5260 1344 5308 Dec.
1383 5260 1514 5319 Mag.
1559 5260 1774 5306 Ausonii
1810 5255 1878 5320 1⁸3,
1934 5258 2193 5319 Incipiunt
2230 5259 2498 5320 pasquales
2538 5256 2607 5319 M,
2650 5259 2910 5319 Incipiunt
2948 5272 3127 5307 uersus
3164 5259 3385 5320 pascales
3431 5258 3532 5318 ΤΕ,
3587 5258 3662 5305 De
3699 5263 3841 5306 sanct
3876 5246 3945 5275 ¹¹¹⁸
3981 5271 4058 5305 so-

807 5345 1052 5393 lennitate
1089 5360 1235 5406 pasce
1272 5362 1320 5408 v,
1363 5346 1620 5394 Ausonius
1657 5345 1719 5394 de
1758 5345 2074 5393 sanctissima
2108 5358 2255 5406 pasce
2293 5345 2610 5392 solemnitate
2646 5359 2733 5392 mu
2971 5343 2988 5393 1
3035 5346 3334 5407 sollempnia
3372 5344 3428 5407 P,
3472 5344 3748 5406 solempnia
3786 5343 3861 5405 M,
3900 5345 4061 5392 solen-

809 5432 894 5478 nia
934 5429 975 5476 Τ
1233 5432 1265 5482 2
1302 5433 1517 5481 celebrat
1562 5432 1606 5479 V
1844 5432 2022 5479 mistae
2070 5430 2212 5478 VTM
2476 5430 2505 5479 3
2542 5431 2604 5478 ad
2652 5432 2692 5479 V
2730 5433 2770 5492 (t
2802 5429 2891 5493 m2)
3143 5433 3394 5480 coibentes
3441 5431 3526 5479 VP
3786 5430 3817 5479 5
3858 5432 3983 5478 sacri
4027 5431 4067 5477 V

810 5515 841 5564 6
877 5516 1098 5578 ponthus
1135 5516 1181 5563 P
1386 5518 1413 5566 7
1453 5520 1585 5579 picta
1620 5519 1660 5565 V
1865 5519 1996 5565 latea
2035 5516 2078 5563 P
2283 5515 2314 5565 8
2351 5515 2481 5581 pleb'
2511 5517 2566 5577 P,
2608 5518 2771 5578 plebis
2805 5514 2970 5578 VhssM,
3011 5511 3176 5579 plebis
3207 5519 3264 5581 T,
3306 5517 3479 5580 plebes
3515 5521 3607 5566 cet.
3819 5499 3966 5565 russii
4005 5517 4057 5577 V,

807 5615 1009 5649 rursum
1045 5607 1134 5650 cet.
1355 5601 1415 5651 10
1453 5585 1745 5665 celebrisque
1793 5603 1834 5650 V
2043 5600 2098 5650 11
2141 5603 2294 5650 donas
2330 5602 2492 5666 codd„
2535 5603 2740 5651 redimis
2778 5617 2864 5664 ⁶90
3081 5602 3143 5652 12
3180 5606 3328 5652 mites
3373 5604 3417 5652 V
3453 5604 3491 5665 (t
3527 5617 3587 5651 cz
3622 5603 3653 5650 d
3689 5599 3804 5664 m2),
3846 5604 3982 5651 mltis
4027 5604 4067 5650 T

814 5686 873 5736 13
912 5687 1062 5736 humo
1100 5692 1164 5736 116
1204 5689 1246 5736 P
1493 5690 1720 5751 impartis
1764 5689 1872 5748 TM,
1916 5691 2143 5749 impertit
2180 5688 2237 5749 P,
2277 5689 2495 5750 inpartis
2533 5689 2579 5736 E
2842 5704 3173 5752 seruasseque
3212 5690 3267 5751 P,
3310 5703 3583 5751 scenasque
3628 5689 3685 5750 T,
3723 5701 3971 5750 uenasque
4011 5686 4067 5735 M

814 5772 874 5824 14
913 5787 1060 5835 quem
1098 5775 1277 5825 blanda
1321 5776 1361 5824 Τ
1569 5775 1630 5826 15
1668 5791 1792 5827 aeua
1840 5778 1880 5826 V
1918 5781 1962 5836 (a
1997 5778 2090 5826 alt.
2133 5790 2190 5822 ea:
2226 5777 2298 5840 e),
2338 5790 2470 5824 euua
2512 5773 2602 5823 1³22ss
2818 5776 2873 5826 17
2913 5776 3139 5827 concedit
3176 5777 3221 5823 P
