4630 6435
1931 338 2353 395 EPISTVLAE
2399 339 2615 405 (XXV).
3778 339 3898 401 193

1322 549 1490 594 nunc
1533 529 1650 594 tibi
1695 536 1874 595 trans
1920 530 2119 614 Alpes
2165 539 2229 595 et
2274 552 2695 597 marmoream
2742 531 3036 615 Pyrenen

1320 633 1681 699 Caesareae
1726 634 2061 717 Augustae
2109 635 2336 731 domus
2385 635 2584 721 (est),
2630 635 3037 720 Tyrrhenica
3081 640 3339 719 propter

1319 737 1597 801 Tarraco
1642 744 1708 803 et
1754 737 2046 803 ostrifero
2094 757 2288 823 super
2334 738 2561 804 addita
2604 739 2876 803 Barcino
2921 746 3145 824 ponto:

1153 860 1213 899 90
1322 861 1423 905 me
1469 840 1625 924 iuga
1669 840 2095 925 Burdigalae,
2149 841 2314 907 trino
2361 863 2464 908 me
2508 841 2775 908 flumina
2820 830 3002 910 coetu

1322 951 1662 1010 secernunt
1705 945 1909 1009 turbis
1955 944 2381 1029 popularibus
2428 945 2682 1028 otiaque
2727 946 2893 1012 inter

1322 1047 1556 1113 vitiferi
1601 1054 1904 1114 exercent
1948 1049 2145 1114 colles
2192 1049 2560 1131 laetumque
2608 1050 2847 1115 colonis

1321 1152 1480 1217 uber
1524 1151 1702 1235 agri,
1755 1158 1888 1216 tum
1935 1159 2120 1236 prata
2166 1152 2474 1228 virentia,
2528 1160 2661 1217 tum
2709 1173 2936 1218 nemus
2981 1154 3223 1218 umbris

1320 1255 1663 1320 mobilibus
1710 1255 2076 1337 celebrique
2120 1255 2425 1337 frequens
2472 1256 2749 1321 ecclesia
2793 1256 2967 1338 vicO,

1151 1378 1212 1415 95
1320 1364 1537 1441 totque
1584 1379 1729 1424 mea
1771 1359 1838 1423 in
1884 1360 2141 1424 Novaro
2188 1360 2310 1424 sibi
2358 1360 2649 1444 proxima
2693 1359 2961 1444 praedia
3007 1381 3174 1443 pago

1321 1462 1650 1547 dispositis
1697 1469 1899 1527 totum
1948 1462 2195 1529 vicibus
2240 1462 2494 1528 variata
2539 1484 2654 1547 per
2697 1484 2968 1544 annum,

1320 1565 1616 1649 egelidae
1664 1572 1735 1631 ut
1779 1571 2043 1651 tepeant
2083 1566 2334 1632 hiemes
2380 1566 2764 1650 rabidosque
2810 1587 2926 1652 per
2971 1573 3190 1632 aestus

1320 1669 1653 1753 adspirent
1699 1675 1923 1734 tenues
1970 1669 2177 1752 frigus
2224 1670 2460 1735 subtile
2509 1671 2882 1752 Aquiloues.

1321 1778 1386 1838 te
1434 1772 1572 1836 sine
1621 1779 1720 1838 set
1764 1774 1982 1837 nullus
2029 1779 2215 1854 grata
2260 1774 2401 1838 vice
2447 1774 2743 1858 provenit
2786 1795 3016 1838 annus.

1121 1894 1211 1935 100
1320 1896 1435 1940 ver
1480 1875 1766 1959 pluvium
1814 1875 1952 1941 sine
1999 1876 2153 1940 flore
2199 1875 2400 1958 fugit,
2458 1877 2641 1942 cauis
2685 1877 2951 1942 aestifer
2994 1876 3208 1955 ardet,

1321 1980 1505 2045 nulla
1552 1980 1960 2044 autumnales
2007 1978 2216 2045 variat
2261 1980 2547 2044 Pomona
2593 1999 2857 2064 sapores

1321 2084 1655 2165 effusaque
1702 2082 1977 2148 hiemem
2026 2082 2361 2147 contristat
2404 2084 2724 2167 Aquarius
2772 2085 2966 2149 unda.

1320 2186 1704 2269 agnoscisne
1748 2193 1962 2269 tuam,
2014 2187 2201 2252 Ponti
2248 2187 2652 2269 dulcissime,
2706 2189 3008 2272 culpam?

1320 2310 1468 2353 nam
1517 2289 1671 2354 mihi
1718 2297 1893 2356 certa
1937 2289 2099 2355 fides
2145 2310 2264 2355 nec
2310 2291 2761 2357 conmutabilis
2808 2312 3108 2373 umquam

1121 2416 1213 2454 105
1322 2394 1575 2459 Paulini
1621 2394 1798 2459 illius
1845 2395 2081 2459 veteris
2129 2394 2489 2460 reverentia
2533 2394 2723 2461 durat

1324 2518 1619 2580 quaeque
1664 2518 1935 2582 meoque
1980 2504 2216 2581 tuoque
2262 2497 2387 2563 fuit
2430 2498 2769 2564 concordia
2813 2498 3002 2583 patri.

1323 2601 1379 2665 si
1424 2601 1601 2666 tendi
1649 2601 1860 2666 facilis
1908 2602 2203 2684 cuiquam
2251 2601 2374 2667 fuit
2417 2622 2603 2667 arcus
2649 2602 2864 2668 Vlixei

1320 2713 1433 2770 aut
1476 2711 1732 2790 praeter
1775 2706 2100 2770 dominum
2146 2705 2484 2771 vibrabilis
2530 2726 2722 2770 ornus
2765 2706 3043 2785 Achilli,

1323 2828 1438 2873 nos
1486 2829 1736 2892 quoque
1783 2816 1910 2873 tam
1959 2809 2152 2892 longo
2197 2809 2599 2874 Rhamnusia
2645 2809 2905 2874 foedere
2955 2810 3181 2874 solvet.

1124 2932 1214 2971 110
1324 2919 1422 2977 set
1466 2932 1578 2977 cur
1620 2920 1751 2977 tam
1799 2920 2047 2977 maesto
2093 2932 2235 2977 sero
2280 2911 2495 2977 tristia
2539 2912 2825 2978 carmina
2869 2933 3060 2978 versu

1323 3024 1388 3080 et
1432 3036 1555 3082 non
1600 3016 1667 3080 in
1712 3015 1982 3081 meliora
2025 3015 2280 3083 animus
2327 3035 2397 3081 se
2443 3023 2595 3081 vota
2639 3015 3067 3101 propinquat?

1324 3120 1406 3183 sit
1449 3120 1670 3203 procul
1717 3120 1840 3186 iste
1886 3126 2116 3185 metus.
2214 3127 2386 3186 certa
2434 3128 2534 3186 est
2578 3119 2816 3186 fiducia
2859 3121 3073 3203 nobis,

1325 3223 1379 3287 si
1424 3223 1674 3306 genitor
1717 3231 2035 3307 natusque
2081 3224 2184 3290 dei
2232 3225 2341 3309 pia
2385 3226 2583 3290 verba
2635 3231 2977 3290 voventum

1325 3326 1635 3410 accipiat,
1689 3333 1902 3392 nostro
1950 3328 2132 3393 reddi
2178 3335 2241 3393 te
2288 3348 2480 3412 posse
2527 3334 2824 3412 precatu,

1127 3450 1219 3490 115
1327 3450 1407 3495 ne
1455 3450 1745 3513 sparsam
1794 3438 2172 3515 raptamque
2219 3432 2474 3497 domum
2521 3433 2935 3514 lacerataque
2982 3439 3235 3496 centum

1328 3554 1447 3618 per
1491 3533 1782 3599 dominos
1829 3535 2066 3599 veteris
2116 3535 2369 3599 Paulini
2415 3557 2618 3618 regna
2663 3536 2933 3601 fleamus

828 3880 896 3930 90
923 3896 998 3943 sq.
1040 3881 1157 3932 Hor.
1199 3881 1358 3932 Germ.
1404 3883 1427 3929 1
1468 3881 1514 3942 1,
1560 3881 1623 3932 30
1645 3897 1753 3944 sqq.
1796 3897 1876 3931 me
1914 3883 2135 3942 gelidum
2173 3897 2357 3931 nemus
2399 3919 2410 3931 .
2445 3920 2455 3931 .
2489 3919 2502 3932 .
2545 3889 2817 3932 secernunt
2851 3885 3033 3946 populo
3208 3883 3274 3933 93
3311 3884 3463 3944 Verg.
3505 3885 3632 3933 Aen.
3678 3884 3770 3931 v11
3810 3882 3909 3932 262

659 3969 779 4016 uber
815 3970 914 4028 agri
1124 3967 1189 4017 97
1228 3969 1348 4018 Hor.
1391 3970 1553 4031 Epist.
1596 3971 1617 4017 1
1661 3968 1740 4030 10,
1790 3968 1848 4018 15
1887 3974 1964 4018 est
1999 3973 2082 4018 ubi
2123 3971 2237 4032 plus
2275 3976 2485 4033 tepeant
2519 3971 2714 4019 hiemes
2941 3969 3007 4020 99
3046 3971 3163 4019 Hor.
3205 3971 3367 4019 Carm.
3411 3972 3432 4017 Ι
3470 3969 3519 4032 4,
3568 3970 3588 4018 1
3631 3975 3768 4029 grata
3807 3971 3914 4017 vice

663 4054 757 4103 100
795 4055 946 4115 Verg.
989 4055 1165 4115 Georg.
1209 4056 1259 4103 11
1298 4054 1395 4104 353
1435 4058 1572 4104 canis
1610 4058 1817 4104 aestifer
2144 4055 2239 4105 102
2278 4057 2395 4107 nor.
2441 4058 2539 4106 Sat.
2585 4059 2604 4104 1
2646 4057 2693 4119 1,
2738 4057 2802 4105 30
2841 4059 3096 4106 inversum
3134 4059 3396 4106 contristat
3432 4057 3687 4119 Aquarius
3725 4070 3912 4104 annum

669 4140 752 4201 (es.
795 4141 963 4191 Germ.
1008 4143 1144 4190 Arat.
1186 4140 1305 4202 285)
1540 4142 1629 4190 107
1670 4144 1846 4202 Odyss.
1889 4143 2014 4190 XXI
2052 4141 2110 4191 91
2144 4158 2254 4205 sqq.
2475 4143 2568 4193 108
2607 4145 2667 4193 ll.
2712 4144 2826 4192 XVI
2870 4142 2960 4192 141
2992 4159 3098 4206 sqq.
3319 4143 3414 4193 110
3452 4145 3601 4204 Verg.
3641 4144 3746 4193 Ecl.
3789 4145 3810 4190 Ι
3850 4141 3916 4191 69

827 4453 890 4502 87
930 4456 1193 4515 pirennem
1233 4454 1273 4501 V
1478 4454 1542 4504 88
1578 4446 1751 4519 agvste
1786 4457 1840 4518 V,
1882 4459 2091 4516 anguste
2128 4455 2173 4502 P
2379 4459 2457 4504 est
2491 4469 2587 4506 om.
2631 4456 2729 4516 VP,
2769 4454 2886 4504 add.
2926 4454 3033 4504 Vin.
3249 4456 3478 4503 trennica
3512 4455 3567 4515 V,
3607 4457 3832 4514 tyrenica
3873 4453 3918 4500 P

664 4537 810 4590 Ven.⁴
1016 4539 1083 4590 89
1120 4547 1338 4589 tarracon
1380 4541 1425 4588 P
1463 4541 1574 4602 (om.
1604 4547 1657 4590 et
1694 4544 1928 4591 ostrifero
1963 4543 2057 4591 lac.
2090 4541 2217 4604 ind.)
2433 4542 2690 4604 perabdita
2735 4544 2843 4605 (om.
2876 4544 2953 4603 su)
2996 4541 3198 4591 barcina
3226 4542 3271 4589 P
3476 4540 3542 4590 90
3578 4543 3776 4602 meiuga
3810 4540 3906 4601 VP,

657 4628 851 4688 tel-iuga
895 4625 1035 4675 Ven.⁴
1058 4629 1200 4688 volyo
1408 4628 1666 4689 burdigala
1704 4628 1746 4674 P
1784 4629 1898 4691 (om.
1929 4630 2061 4677 trino
2088 4644 2168 4676 me
2194 4631 2287 4678 lae.
2321 4628 2448 4689 ind.)
2661 4632 2778 4692 cetu
2813 4629 2866 4689 V,
2907 4632 3023 4676 cetu
3063 4627 3108 4674 P
3135 4625 3280 4676 Veri.⁴
3486 4626 3545 4676 91
3577 4633 3622 4675 et
3645 4625 3710 4675 92
3748 4640 3844 4675 om.
3873 4626 3918 4673 P

654 4714 751 4762 lae.
794 4712 897 4762 ind.
1110 4712 1175 4762 93
1215 4710 1345 4781 agri]
1381 4716 1543 4776 agitur
1583 4714 1625 4761 P
1830 4714 1895 4764 94
1933 4717 2182 4778 celerique
2221 4715 2265 4763 P
2297 4713 2442 4765 Ven.⁴
2651 4716 2833 4764 eclesia
2874 4715 2916 4763 V
2939 4715 3012 4777 (in
3033 4729 3135 4775 my.
3163 4711 3238 4762 „22
3260 4714 3463 4777 xisffine)
3679 4713 3744 4762 95
3781 4717 3913 4761 tota-

656 4813 754 4860 que
792 4799 837 4846 P
1039 4802 1219 4850 nobsro
1264 4802 1306 4848 V
1344 4800 1473 4865 (²72¹),
1516 4814 1695 4850 novero
1740 4799 1883 4851 Vm.⁴
1918 4802 2059 4862 volyo
2288 4801 2354 4850 96
2392 4801 2597 4863 dipositi
2644 4802 2684 4848 V
2723 4800 2851 4864 (νηί),
2893 4801 3123 4863 dispositi
3162 4801 3207 4847 P
3244 4796 3406 4861 Vm.⁴‚
3449 4800 3710 4861 dispositis
3746 4798 3908 4859 Luyd.

657 4885 722 4935 97
761 4886 942 4949 agelite
976 4886 1027 4949 V,
1070 4892 1123 4934 et
1156 4887 1317 4946 gelide
1350 4886 1406 4947 P,
1448 4889 1671 4948 egelidae
1705 4885 1850 4938 Υεη.4
2056 4876 2246 4937 hi⁰mes
2281 4889 2324 4937 V
2348 4889 2395 4953 (e
2418 4886 2508 4949 m2)
2723 4886 2788 4936 98
2826 4888 3088 4949 equilones
3115 4887 3158 4934 P
3183 4887 3322 4949 (corr.
3351 4885 3442 4947 ml)
3656 4884 3722 4936 99
3760 4885 3848 4934 sed
3874 4884 3920 4931 P

661 4969 751 5020 101
794 4986 991 5033 sopores
1035 4973 1076 5020 V
1113 4975 1192 5035 (po
1228 4987 1285 5021 ea:
1318 4988 1382 5036 op
1418 4970 1492 5021 m²
1526 4979 1583 5022 ut
1618 4974 1832 5037 videtur)
2053 4973 2149 5024 102
2188 4977 2427 5036 aquarius
2470 4974 2512 5022 V
2549 4973 2598 5033 (u
2633 4975 2725 5022 alt.
2765 4971 2854 5036 m2)
3070 4979 3184 5022 ante
3217 4990 3266 5022 v.
3313 4972 3409 5022 103
3447 4975 3501 5021 in
3545 4974 3587 5022 V
3616 4975 3772 5021 unius
3806 4987 3916 5045 per-

657 5071 740 5104 sus
776 5063 844 5106 est
880 5061 1120 5123 spatium,
1161 5062 1213 5107 ἱη
1238 5074 1331 5122 quo
1355 5062 1470 5109 haee
1493 5064 1761 5122 leyuntur:
1799 5062 2058 5110 Ausonius
2084 5063 2294 5111 Paulino
2506 5061 2582 5107 Ad
2619 5060 2885 5108 Paulinum
2923 5060 3183 5108 Ausonius
3221 5059 3288 5107 Π
3491 5057 3586 5108 103
3623 5048 3913 5119 agnos⁰¹⁸ne

664 5144 705 5191 V
734 5145 818 5206 (cis
844 5142 952 5206 m2),
997 5161 1299 5206 agnoscesne
1326 5146 1371 5194 P
1401 5145 1547 5196 Vm.⁴
1743 5138 1904 5210 potin
1937 5148 1978 5195 V
2003 5149 2075 5210 (vs
2099 5145 2189 5208 m2)
2409 5146 2506 5195 104
2543 5147 2909 5195 commutabilis
2935 5146 3000 5195 II
3187 5159 3412 5207 unquam
3439 5143 3484 5192 P
3693 5145 3788 5195 105
3824 5161 3915 5194 ue-

655 5236 786 5279 teres
829 5230 871 5277 P
911 5230 1056 5281 Ven.⁴
1269 5232 1365 5282 106
1403 5249 1513 5283 meo
1552 5233 1597 5280 P
1633 5235 1747 5294 (om.
1791 5235 1905 5296 que)
2092 5248 2319 5296 quaeque
2358 5247 2465 5281 meo
2503 5238 2651 5294 atque
2688 5238 2774 5280 tuo
2809 5233 2978 5281 fuerat
3027 5229 3172 5281 Ven.⁴
3193 5233 3332 5293 volyo
3546 5231 3639 5280 107
3677 5233 3912 5294 cuiquam

653 5317 813 5365 facilis
851 5317 918 5366 Π
1136 5320 1263 5367 ulixi
1304 5319 1413 5367 PII
1451 5318 1596 5369 Vm.⁴
1828 5319 1923 5370 108
1962 5321 2257 5369 umbrabilis
2295 5321 2341 5367 P
2565 5319 2782 5368 Achillei
2824 5320 2929 5367 Tou
2963 5320 3106 5378 volyo
3338 5317 3433 5367 109
3471 5318 3811 5367 rhamnusiam
3852 5319 3909 5378 P,

655 5417 796 5452 mens
832 5405 985 5454 altera
1012 5405 1078 5452 Π
1279 5407 1445 5454 federe
1479 5407 1575 5469 ΥΡ,
1620 5399 1788 5457 f‘edere
1815 5407 1878 5455 Π
2086 5407 2182 5456 110
2219 5406 2307 5454 sed
2337 5405 2445 5453 ΡΠ
2655 5410 2901 5454 maestero
2928 5405 2992 5452 Π
3013 5406 3059 5466 (a
3084 5419 3142 5452 ex
3164 5405 3335 5468 corn),
3376 5411 3536 5453 mesto
3561 5405 3777 5453 secundo
3804 5405 3849 5451 P

656 5492 851 5539 tristia*
898 5493 937 5540 V
1235 5491 1323 5540 111
1367 5494 1558 5541 animos
1597 5493 1642 5540 P
1687 5492 1831 5542 Ven.⁴
2106 5499 2157 5541 et
2193 5508 2280 5542 cur
2319 5507 2416 5542 non
2461 5495 2531 5556 (et
2566 5507 2666 5542 non
2702 5493 2852 5554 iam?)
2895 5493 3098 5540 meliors
3135 5493 3302 5540 animo
3337 5505 3391 5541 se
3429 5497 3538 5540 vota
3575 5493 3913 5554 propinquant

656 5579 922 5626 Accursius
958 5576 1170 5638 sortasse
1204 5585 1328 5627 recle
1545 5579 1637 5627 113
1676 5586 1955 5628 uouentum
1993 5579 2068 5643 Π,
2110 5582 2372 5629 uolentum
2419 5580 2501 5628 VP
2521 5582 2663 5639 volyo
2877 5578 2971 5626 11⁴
3011 5584 3209 5642 pres-atu
3249 5578 3289 5625 V
3314 5580 3358 5639 (e
3383 5580 3552 5640 corn),
3596 5582 3825 5639 praecatu
3859 5577 3922 5623 Π

660 5662 754 5711 115
792 5679 1024 5726 spensam
1064 5665 1107 5711 P
1318 5664 1412 5715 110
1448 5665 1682 5715 dominus
1722 5665 1785 5713 Il
1988 5675 2186 5716 ueteres
2226 5668 2269 5714 P
2313 5664 2457 5716 Veri.⁴

811 5765 1050 5806 Avsosivs.
3435 5768 3499 5816 25
