4630 6435
817 373 900 431 76
2292 366 2595 419 AVSONll

1840 695 1947 760 18.
2001 695 2259 760 NASTI
2306 695 2416 758 ΕΤ
2459 694 3057 761 AMPHIMACHO.

1493 851 1729 915 Nastes
1777 849 2454 934 Amphimachusque‚
2510 848 2841 914 Nomionis
2885 848 3108 913 inclita
3154 849 3408 932 proles,
3751 870 3847 919 234
3892 871 4073 931 (xvn)

1665 953 1960 1018 ductores
2005 952 2363 1035 quondam,
2418 953 2635 1037 pulvis
2682 962 2745 1018 et
2792 952 3019 1017 umbra
3065 972 3309 1017 sumus.

2203 1212 2314 1279 19.
2365 1212 2703 1278 TROILO.

1493 1367 1763 1432 Hectore
1810 1372 2122 1451 prostrato
2166 1386 2286 1431 nec
2333 1366 2435 1431 dis
2482 1386 2599 1431 nec
2647 1366 2890 1431 viribus
2937 1365 3163 1449 aequis
3720 1387 3818 1436 235
3865 1387 4073 1445 (xvm)

1666 1488 2049 1552 congressus
2094 1487 2289 1534 saevo
2339 1468 2597 1533 Troilus
2645 1468 3003 1550 Aeacidae,

1496 1579 1784 1656 raptatus
1833 1573 2002 1656 bigis
2048 1572 2262 1637 fratris
2309 1572 2656 1656 coniungor
2699 1572 2959 1652 honori,

1667 1677 1850 1741 cuius
1895 1676 1974 1741 ob
2024 1677 2391 1760 exemplum
2437 1697 2557 1742 nec
2601 1676 2757 1741 mihi
2805 1697 3016 1761 poena
3058 1677 3300 1760 gravis.

2134 1934 2245 2000 20.
2293 1934 2773 2001 POLYDORO.

1492 2088 1666 2153 Cede
1713 2090 1932 2172 procul
1979 2095 2382 2171 myrtumque
2428 2089 2617 2153 istam
2664 2088 2818 2171 fuge
2863 2088 3119 2153 nescius
3168 2089 3431 2172 hospes:
3652 2105 3797 2156 ⁰236
3836 2109 4081 2169 (xvnn)

1663 2192 1930 2258 telorum
1980 2212 2172 2275 seges
2218 2201 2318 2259 est
2363 2193 2675 2276 sanguine
2721 2193 2947 2258 adulta
2992 2212 3190 2258 meon

1493 2296 1777 2361 confixus
1822 2296 2052 2362 iaculis
2098 2304 2161 2361 et
2205 2297 2288 2361 ab
2334 2295 2480 2381 ipsa
2524 2296 2724 2362 caede
2773 2297 3098 2380 sepultae,

1666 2401 1902 2465 condor
1945 2399 2015 2465 in
2060 2400 2181 2464 hoc
2225 2400 2469 2464 tumulo
2513 2400 2615 2465 bis
2662 2399 3018 2484 Polydorus
3064 2420 3208 2483 ego,

1359 2525 1385 2563 s
1495 2503 1615 2569 scit
1659 2503 1804 2587 pius
1852 2504 2106 2569 Aeneas
2152 2510 2216 2568 et
2261 2510 2366 2586 tu,
2420 2524 2535 2569 rex
2579 2502 2810 2587 impie,
2866 2503 3036 2586 quod
3083 2523 3184 2568 me

1666 2606 1946 2671 Thracia
1990 2627 2199 2691 poena
2244 2606 2511 2691 premit,
2566 2607 2763 2672 Troia
2810 2627 2962 2671 cura
3005 2606 3183 2691 tegit.

2159 2862 2269 2929 21.
2320 2864 2751 2931 EVPHEMO.

1499 3020 1902 3104 Euphemum
1950 3019 2255 3085 Ciconum
2302 3018 2627 3085 ductorem
2675 3020 2871 3083 Troia
2914 3019 3109 3085 tellus
3800 3039 3897 3088 237
3948 3038 4089 3099 (xx)

1669 3122 1957 3188 condidit
1999 3122 2236 3187 hastati
2282 3123 2508 3187 Martis
2553 3122 2639 3187 ad
2684 3122 2987 3205 effigiem.

1497 3246 1618 3291 nec
1661 3226 1819 3291 satis
1865 3233 1963 3291 est
2005 3225 2261 3291 titulum
2308 3245 2466 3293 saxo
2511 3226 2816 3292 incidisse
2864 3225 3173 3310 sepulcri:

1670 3329 1936 3413 insuper
1979 3335 2042 3393 et
2086 3328 2360 3394 frontem
2406 3331 2573 3395 mole
2618 3337 2888 3394 onerant
2934 3336 3205 3394 statuae.

1366 3457 1392 3494 ε»
1499 3434 1677 3498 ocius
1719 3433 1848 3498 ista
1892 3439 2113 3514 ruunt‚
2170 3454 2335 3516 quae
2382 3434 2475 3498 sic
2520 3434 2843 3499 cumulata
2889 3435 3214 3498 locantur:

1671 3538 1873 3602 maior
1918 3536 2026 3602 ubi
2073 3544 2172 3603 est
2217 3538 2462 3618 cultus,
2515 3559 2753 3622 magna
2798 3537 2982 3603 ruina
3028 3539 3269 3603 subest.

1403 3794 1514 3860 22.
1577 3795 2067 3861 HIPPOTHOO
2115 3796 2227 3859 ΕΤ
2273 3796 2552 3861 PYLEO
2599 3796 2693 3859 IN
2739 3794 3028 3860 HORTO
3078 3795 3508 3860 SEPVLTIS.

1501 3950 1933 4034 Hippothoum
1983 3951 2379 4034 Pyleumque
2424 3956 2599 4015 tenet
2642 3949 2884 4033 gremio
2928 3948 3150 4014 infima
3193 3950 3420 4015 tellus:
3775 3971 3879 4020 238
3922 3971 4096 4030 (xxl)

1673 4053 1968 4118 caulibus
2013 4061 2080 4118 et
2122 4052 2354 4118 malvis
2403 4060 2585 4136 terga
2629 4073 2908 4138 superna
2955 4053 3182 4118 virent.

1501 4176 1621 4221 nec
1663 4164 1858 4222 vexat
1902 4156 2149 4221 cineres
2195 4157 2359 4222 horti
2405 4157 2657 4222 cultura
2701 4157 2984 4239 quiet08‚

1675 4260 1825 4325 dum
1872 4265 2176 4345 parcente
2222 4280 2418 4324 manu
2462 4261 2655 4325 molle
2700 4261 2888 4325 holus
2934 4261 3269 4326 excolitur.

1010 4499 1108 4555 18.
1184 4503 1205 4552 1
1247 4504 1309 4552 11.
1349 4504 1398 4551 11
1438 4502 1531 4551 871
1579 4497 1783 4569 Νάστης
1820 4497 2149 4572 Ἀμφίμαχός
2184 4519 2256 4562 τε,
2297 4498 2557 4569 Νομίονος
2593 4499 2759 4570 ἀγλαὰ
2795 4501 2948 4554 τέκνα
3159 4503 3189 4551 2
3228 4504 3344 4552 Hor.
3389 4504 3552 4551 Carm.
3596 4504 3698 4551 1111
3739 4503 3789 4562 7,
3824 4502 3886 4551 16
3924 4505 4099 4564 pulvis

835 4599 884 4639 et
923 4591 1097 4638 umbra
1133 4605 1308 4638 sumus

1011 4671 1110 4727 19.
1187 4675 1208 4724 1
1241 4690 1315 4737 sq.
1357 4677 1505 4737 Verg.
1550 4677 1677 4724 Aen.
1720 4676 1766 4721 V
1804 4675 1905 4725 809
1931 4691 2005 4738 sq.
2060 4676 2261 4725 Pelidae
2305 4713 2315 4724 .
2351 4714 2360 4724 .
2394 4713 2405 4723 .
2449 4691 2768 4736 congressum
2812 4714 2824 4725 .
2859 4713 2869 4723 .
2905 4714 2915 4724 .
2960 4690 3050 4724 nec
3085 4679 3165 4725 dis
3204 4691 3293 4724 nec
3331 4678 3525 4725 viribus
3561 4676 3770 4736 aequis,
3826 4673 3895 4733 cf.
3942 4675 4094 4734 Verg.

835 4765 967 4812 Aen.
1007 4764 1028 4810 1
1066 4762 1169 4811 474
1204 4764 1383 4811 infelix
1421 4776 1546 4824 puer
1581 4770 1730 4824 atque
1768 4764 1910 4826 inpar
1946 4777 2237 4822 congressus
2274 4764 2461 4812 Achilli
2671 4765 2700 4812 3
2742 4764 2864 4811 ibid.
2905 4765 2927 4811 I
2968 4762 3068 4812 475
3099 4778 3230 4825 sqq„
3271 4763 3340 4822 cf.
3382 4764 3431 4810 11
3470 4760 3569 4810 272
3607 4766 3834 4822 raptatus
3872 4761 4000 4821 bigis

1011 4845 1112 4901 20.
1190 4849 1211 4898 1
1251 4851 1404 4910 Verg.
1445 4851 1576 4899 Aen.
1617 4851 1694 4899 111
1734 4850 1796 4897 44
1834 4850 1934 4898 hen
1973 4851 2088 4911 fuge
2125 4851 2343 4898 crudelis
2381 4856 2554 4909 terras,
2597 4853 2713 4910 fuge
2753 4852 2878 4898 litus
2917 4864 3133 4899 avarum.
3213 4864 3326 4897 nam
3366 4849 3635 4907 Polydorus
3672 4862 3766 4909 ego
3860 4848 3982 4895 ibid.
4023 4845 4096 4895 23

836 4937 1009 4984 densis
1044 4937 1313 4985 hastilibus
1350 4937 1544 4985 horrida
1580 4943 1771 4995 myrtus
1980 4934 2010 4984 2
2049 4936 2172 4984 ibid.
2215 4936 2280 4984 45
2301 4951 2375 4997 sq.
2421 4936 2501 4983 hic
2538 4938 2790 4984 confixum
2827 4937 2985 4984 ferrea
3024 4937 3155 4983 texit
3191 4938 3407 4983 telorum
3444 4948 3589 4994 seges
3627 4941 3678 4981 et
3715 4935 3892 4981 iaculis
3928 4935 4099 4980 incre-

838 5023 913 5069 vit
948 5023 1110 5070 acutis
1777 5025 1783 5032 ‘

1016 5240 1114 5296 18.
1191 5246 1211 5295 l
1254 5246 1424 5294 Nastie
1471 5246 1526 5306 V,
1569 5246 1744 5293 Nastes
1783 5243 1945 5304 Luyd.
2160 5244 2190 5293 2
2229 5245 2450 5293 doctores
2495 5246 2549 5306 V,
2589 5245 2817 5293 ductores
2857 5244 3168 5292 Pulmannm
3379 5243 3587 5290 condam
3637 5243 3677 5289 V

1017 5327 1117 5382 1⁹.
1188 5330 1218 5380 2
1260 5345 1353 5382 ...o
1399 5332 1439 5378 V
1475 5333 1583 5391 (lac.
1627 5333 1660 5379 3
1696 5331 1841 5391 litt),
1884 5344 2030 5378 saevo
2074 5331 2182 5378 Vin.

1016 5412 1116 5468 20.
1187 5418 1408 5466 Polidoro
1456 5418 1495 5465 V
1708 5418 1722 5465 i
1770 5399 1981 5479 mirtuq⁸
2018 5398 2099 5466 διὸ
2145 5418 2185 5463 V
2392 5409 2591 5465 ne⁸cius
2643 5417 2678 5461 V
2714 5415 2752 5476 (s
2778 5413 2864 5476 m‘l)
3077 5415 3108 5464 4
3146 5416 3398 5477 polidorus
3446 5414 3486 5460 V
3693 5414 3724 5462 5
3762 5428 3944 5477 aeneas
3990 5413 4029 5458 V

846 5518 956 5566 mae
1002 5503 1041 5548 V
1247 5502 1278 5550 6
1317 5504 1511 5551 triracia
1556 5504 1596 5549 V
1624 5518 1748 5552 corr.
1793 5502 1956 5562 Luyd.
2173 5495 2355 5565 troiaq⁵
2393 5503 2443 5562 V,
2486 5504 2630 5551 Troia
2678 5502 2782 5549 Vin.

1016 5583 1117 5639 21.
1191 5588 1406 5637 Euremo
1453 5590 1493 5636 ν
1701 5590 1721 5636 1
1769 5589 2037 5636 Euremum
2083 5589 2124 5634 v
2330 5588 2359 5636 2
2399 5571 2586 5636 hastati
2624 5588 2741 5634 artis
2788 5587 2828 5631 ν
2863 5587 2931 5646 (in
2953 5602 3049 5647 my.
3081 5588 3148 5636 τ·
3179 5588 3367 5646 martis)
3580 5585 3611 5635 5
3648 5586 3788 5634 ocius
3837 5584 3943 5645 v(c
3968 5598 4027 5632 e:
4054 5586 4097 5642 t)

1015 5667 1116 5724 22.
1187 5675 1323 5723 Pileo
1369 5674 1409 5719 V
1614 5675 1635 5724 1
1679 5665 1906 5722 imfluels'
1941 5673 1983 5719 V
2016 5673 2154 5734 (corr.
2192 5670 2281 5735 mff)
2494 5673 2523 5721 4
2563 5668 2714 5720 mand
2762 5673 2802 5717 V
2836 5673 2884 5733 (.·-
2919 5674 3066 5733 eras.)
